15604 25116
1544.0 640.0 976.0 352.0 THE
2832.0 632.0 2368.0 416.0 ENQUIRER

6044.0 644.0 864.0 196.0 Extremes
7016.0 636.0 744.0 208.0 Provoke
7880.0 644.0 884.0 204.0 Extremes

3828.0 1168.0 536.0 128.0 Tuesday,
4412.0 1172.0 256.0 104.0 Nov.
4712.0 1168.0 164.0 124.0 11,
4924.0 1168.0 244.0 108.0 1N1

6280.0 988.0 1312.0 328.0 Citizens
7772.0 996.0 944.0 328.0 Want
8892.0 992.0 832.0 340.0 Show
9896.0 1008.0 508.0 324.0 Of
10524.0 1004.0 2080.0 340.0 Resoluteness
12816.0 1008.0 356.0 412.0 By
13356.0 996.0 2052.0 348.0 Government

864.0 1556.0 2220.0 432.0 Overshooting
3252.0 1560.0 560.0 344.0 The
3996.0 1556.0 808.0 344.0 Mark

940.0 2048.0 840.0 144.0 "AMERICA.
1884.0 2072.0 148.0 120.0 IS
2208.0 2072.0 508.0 120.0 mbarkin
2916.0 2108.0 168.0 92.0 on
3196.0 2104.0 80.0 92.0 a

816.0 2264.0 712.0 156.0 long-range
1588.0 2272.0 384.0 124.0 effort
2032.0 2276.0 132.0 120.0 to
2220.0 2268.0 308.0 132.0 weld
2584.0 2272.0 204.0 124.0 tha
2852.0 2276.0 376.0 120.0 AUan-

812.0 2464.0 184.0 124.0 tic
1040.0 2468.0 796.0 124.0 democracies
1884.0 2472.0 248.0 120.0 into
2184.0 2508.0 80.0 88.0 a
2316.0 2472.0 368.0 124.0 closer
2728.0 2504.0 492.0 92.0 soonom

812.0 2664.0 124.0 124.0 Is
1004.0 2664.0 276.0 124.0 unit
1344.0 2668.0 244.0 124.0 and
1660.0 2676.0 140.0 120.0 to
1868.0 2672.0 352.0 156.0 speed
2296.0 2672.0 308.0 124.0 their
2668.0 2672.0 600.0 124.0 economic

3400.0 2240.0 572.0 148.0 DAILY
4068.0 2236.0 960.0 152.0 THOUCHT:

3388.0 2440.0 68.0 120.0 I
3516.0 2440.0 304.0 116.0 hold
3876.0 2440.0 104.0 116.0 U
4044.0 2448.0 320.0 132.0 true,
4416.0 2436.0 564.0 120.0 whate'er
5044.0 2432.0 436.0 152.0 befaU;

3536.0 2608.0 76.0 116.0 I
3664.0 2608.0 248.0 148.0 feel
3956.0 2608.0 152.0 144.0 it,
4152.0 2608.0 348.0 120.0 when
4552.0 2608.0 68.0 124.0 I
4664.0 2636.0 456.0 92.0 Borrow
5176.0 2608.0 388.0 136.0 most;

3524.0 2776.0 264.0 72.0 "Tim
4284.0 2784.0 128.0 64.0 Jv.
4464.0 2776.0 300.0 72.0 I..,.
4816.0 2776.0 344.0 72.0 lnmimJ
5636.0 2808.0 52.0 40.0 .

812.0 2876.0 516.0 136.0 growth.
1416.0 2876.0 176.0 116.0 To
1640.0 2876.0 252.0 116.0 this
1936.0 2876.0 264.0 136.0 end,
2248.0 2876.0 112.0 120.0 It
2412.0 2876.0 212.0 116.0 fan
2672.0 2876.0 596.0 152.0 proposed
3388.0 2944.0 356.0 120.0 Than
3796.0 2976.0 356.0 88.0 never
4212.0 2952.0 132.0 112.0 to
4400.0 2944.0 296.0 120.0 have
4752.0 2940.0 344.0 124.0 loved
5152.0 2948.0 140.0 112.0 at
5348.0 2944.0 204.0 116.0 aTL

804.0 3072.0 152.0 112.0 to
1000.0 3068.0 208.0 124.0 the
1256.0 3068.0 832.0 152.0 Organization
2128.0 3072.0 204.0 124.0 for
2372.0 3076.0 616.0 120.0 Economic
3040.0 3076.0 224.0 120.0 Co-
4708.0 3180.0 20.0 28.0 .
5036.0 3112.0 656.0 148.0 Tennyson.

800.0 3264.0 624.0 152.0 operation
1484.0 3268.0 244.0 124.0 and
1788.0 3272.0 820.0 152.0 Development
2744.0 3272.0 160.0 120.0 20
2964.0 3304.0 300.0 88.0 non-

800.0 3464.0 748.0 128.0 Gwnmunist
1668.0 3476.0 388.0 116.0 states
2168.0 3472.0 144.0 124.0 of
2428.0 3472.0 460.0 152.0 Europe
3012.0 3472.0 240.0 124.0 and
3588.0 3536.0 260.0 120.0 Tha
3900.0 3536.0 316.0 152.0 plain
4276.0 3540.0 256.0 116.0 fact
4584.0 3536.0 108.0 120.0 is
4748.0 3536.0 272.0 120.0 that
5080.0 3536.0 284.0 120.0 four
5420.0 3536.0 140.0 120.0 of
5616.0 3536.0 204.0 120.0 the

796.0 3668.0 404.0 136.0 North
1272.0 3668.0 952.0 124.0 America-that
2288.0 3672.0 108.0 120.0 it
2464.0 3668.0 552.0 156.0 proclaim
3084.0 3676.0 168.0 116.0 its
3368.0 3736.0 428.0 124.0 0ECD
3892.0 3736.0 932.0 124.0 countriethe
4928.0 3736.0 452.0 140.0 UJS.A.,
5488.0 3736.0 256.0 120.0 U.K

800.0 3868.0 412.0 144.0 target
1268.0 3872.0 128.0 116.0 to
1456.0 3864.0 144.0 120.0 be
1652.0 3896.0 84.0 88.0 a
1792.0 3868.0 148.0 124.0 50
2148.0 3872.0 624.0 148.0 expansion
2832.0 3872.0 148.0 120.0 of
3028.0 3872.0 220.0 124.0 th.
3364.0 3936.0 496.0 120.0 Swedm
4404.0 3932.0 100.0 124.0 c

788.0 4064.0 608.0 304.0 collective
1480.0 4100.0 352.0 116.0 gross
1900.0 4064.0 528.0 132.0 national
2504.0 4072.0 492.0 152.0 product
3080.0 4072.0 164.0 148.0 by
3360.0 4136.0 212.0 120.0 the
3632.0 4136.0 408.0 124.0 lawMt
4100.0 4136.0 128.0 120.0 fa
4916.0 4136.0 476.0 148.0 growth
5456.0 4140.0 352.0 144.0 rates,

3356.0 4336.0 244.0 120.0 and
3696.0 4336.0 320.0 152.0 quite
4108.0 4340.0 360.0 148.0 likely
4552.0 4340.0 132.0 120.0 to
4764.0 4340.0 288.0 144.0 atay
5144.0 4340.0 276.0 120.0 that
5512.0 4372.0 296.0 116.0 -."ay.

996.0 4544.0 112.0 136.0 5
1392.0 4552.0 228.0 120.0 has
1708.0 4552.0 428.0 124.0 atirred
2220.0 4552.0 488.0 128.0 Interest
2792.0 4588.0 444.0 120.0 among
3348.0 4540.0 348.0 148.0 They
3800.0 4536.0 296.0 124.0 have
4208.0 4540.0 456.0 116.0 mature
4764.0 4536.0 700.0 144.0 economies,
5576.0 4540.0 232.0 120.0 and

940.0 4712.0 72.0 80.0 f
1044.0 4728.0 48.0 28.0 "
1952.0 4760.0 32.0 32.0 .
3348.0 4736.0 36.0 56.0 1
4432.0 4772.0 28.0 20.0 .
4480.0 4740.0 28.0 52.0 !
4588.0 4736.0 36.0 56.0 1
4800.0 4744.0 56.0 48.0 i.
4944.0 4736.0 80.0 56.0 ts
5120.0 4740.0 24.0 52.0 :
5472.0 4748.0 48.0 44.0 j.
5696.0 4740.0 56.0 52.0 j

780.0 4792.0 920.0 100.0 uiejemoera,
1788.0 4792.0 216.0 84.0 dux
2080.0 4792.0 256.0 84.0 aiso
2420.0 4792.0 212.0 88.0 naa
2712.0 4792.0 520.0 88.0 arousea
3348.0 4792.0 232.0 64.0 uv
3748.0 4792.0 256.0 68.0 uuw
4092.0 4792.0 220.0 68.0 uio
4388.0 4792.0 472.0 92.0 jugueut
4944.0 4792.0 368.0 92.0 uvuig
5480.0 4792.0 276.0 72.0 i&na

772.0 4972.0 344.0 104.0 some
1148.0 4948.0 468.0 128.0 serious
1652.0 4952.0 460.0 124.0 doubts.
2152.0 4956.0 312.0 120.0 Such
2504.0 4988.0 148.0 88.0 an
2688.0 4956.0 540.0 120.0 achieve-

768.0 5152.0 456.0 120.0 rnent
1376.0 5152.0 376.0 120.0 would
1896.0 5152.0 360.0 124.0 entail
2404.0 5184.0 156.0 96.0 an
2700.0 5184.0 524.0 120.0 average

772.0 5352.0 476.0 148.0 growth
1348.0 5360.0 268.0 112.0 rate
1712.0 5352.0 140.0 120.0 of
1940.0 5356.0 208.0 116.0 the
2244.0 5352.0 424.0 124.0 United
2764.0 5356.0 452.0 144.0 States,

768.0 5584.0 340.0 88.0 more
1176.0 5552.0 296.0 120.0 than
1544.0 5552.0 336.0 124.0 twice
1956.0 5552.0 260.0 120.0 that
2288.0 5552.0 144.0 124.0 of
2496.0 5556.0 200.0 116.0 the
2768.0 5552.0 444.0 124.0 United

3344.0 4940.0 296.0 124.0 arda
3708.0 4940.0 124.0 120.0 in
3900.0 4940.0 208.0 120.0 the
4180.0 4936.0 400.0 124.0 world.
4680.0 4940.0 332.0 148.0 They
5076.0 4940.0 316.0 120.0 have
5464.0 4944.0 344.0 120.0 made

3340.0 5144.0 212.0 116.0 the
3624.0 5168.0 280.0 96.0 race
3968.0 5140.0 244.0 120.0 and
4288.0 5172.0 300.0 92.0 won.
4692.0 5140.0 276.0 120.0 And
5044.0 5144.0 348.0 116.0 there
5464.0 5148.0 116.0 120.0 is
5648.0 5180.0 156.0 84.0 no

3332.0 5372.0 444.0 88.0 reason
3828.0 5340.0 272.0 152.0 why
4152.0 5348.0 140.0 116.0 at
4344.0 5344.0 244.0 116.0 this
4636.0 5340.0 336.0 156.0 point
5024.0 5344.0 304.0 148.0 they
5376.0 5348.0 424.0 120.0 should

3332.0 5544.0 276.0 152.0 pick
3668.0 5576.0 164.0 116.0 up
3884.0 5548.0 208.0 116.0 the
4144.0 5540.0 404.0 124.0 Soviet
4600.0 5544.0 664.0 152.0 challenge;
5328.0 5548.0 204.0 116.0 for
5588.0 5552.0 208.0 116.0 the

7008.0 1452.0 196.0 116.0 BV
7264.0 1452.0 496.0 132.0 DAVID
7824.0 1456.0 880.0 124.0 LAWRENCE

6304.0 1604.0 1064.0 136.0 WASHINGTON:
7460.0 1624.0 380.0 120.0 There
7912.0 1624.0 108.0 116.0 is
8104.0 1656.0 80.0 88.0 a
8268.0 1624.0 184.0 120.0 lot
8524.0 1632.0 144.0 116.0 of
8744.0 1628.0 264.0 120.0 talk
9084.0 1636.0 632.0 144.0 nowadays

6000.0 1744.0 368.0 124.0 about
6436.0 1756.0 836.0 140.0 "extremists,"
7344.0 1768.0 252.0 112.0 and
7664.0 1764.0 616.0 124.0 President
8352.0 1772.0 568.0 148.0 Kennedy
8984.0 1808.0 164.0 88.0 on
9220.0 1780.0 184.0 120.0 his
9476.0 1784.0 236.0 140.0 trip

5992.0 1900.0 140.0 104.0 to
6180.0 1896.0 204.0 112.0 the
6432.0 1896.0 452.0 120.0 Pacific
6932.0 1904.0 348.0 116.0 Coast
7324.0 1908.0 508.0 120.0 devoted
7880.0 1944.0 72.0 88.0 a
8000.0 1912.0 352.0 140.0 large
8396.0 1924.0 276.0 136.0 part
8724.0 1920.0 136.0 112.0 of
8908.0 1916.0 192.0 116.0 his
9152.0 1928.0 552.0 136.0 speeches

5984.0 2044.0 144.0 104.0 to
6212.0 2036.0 316.0 116.0 what
6612.0 2040.0 160.0 116.0 be
6852.0 2048.0 284.0 116.0 calls
7216.0 2052.0 608.0 120.0 "extreme
7896.0 2056.0 732.0 144.0 opposites."
8748.0 2060.0 252.0 116.0 The
9088.0 2068.0 616.0 116.0 President

5984.0 2180.0 376.0 136.0 spoke
6416.0 2176.0 136.0 120.0 of
6616.0 2184.0 316.0 120.0 "two
6992.0 2216.0 428.0 120.0 groups
7480.0 2196.0 144.0 112.0 of
7684.0 2196.0 336.0 120.0 these
8084.0 2200.0 680.0 120.0 frustrated
8828.0 2200.0 548.0 124.0 citizens"
9444.0 2216.0 264.0 112.0 who

5976.0 2320.0 544.0 100.0 resemble
6580.0 2328.0 292.0 100.0 each
6944.0 2336.0 300.0 96.0 other
7312.0 2332.0 128.0 104.0 in
7512.0 2340.0 256.0 96.0 that
8164.0 2424.0 352.0 32.0 ...

7888.0 2456.0 524.0 84.0 question
8480.0 2456.0 132.0 80.0 is:
8700.0 2456.0 324.0 76.0 wnas
9084.0 2456.0 400.0 84.0 causes
9548.0 2456.0 156.0 84.0 au

7892.0 2556.0 228.0 100.0 this
8188.0 2560.0 836.0 104.0 "extremism?"

8004.0 2692.0 504.0 120.0 Perhaps
8568.0 2696.0 100.0 96.0 It
8732.0 2696.0 104.0 100.0 is
8896.0 2696.0 360.0 104.0 easier
9316.0 2704.0 120.0 100.0 to
9500.0 2720.0 152.0 84.0 un-

7884.0 2816.0 548.0 108.0 derstand
8512.0 2828.0 308.0 100.0 what
8900.0 2832.0 540.0 116.0 provokes
9516.0 2856.0 144.0 80.0 ex-

7880.0 2952.0 524.0 104.0 tremism
8472.0 2960.0 332.0 100.0 when
8876.0 2980.0 76.0 80.0 a
9020.0 2964.0 224.0 100.0 tew
9308.0 2968.0 124.0 100.0 of
9500.0 2968.0 196.0 100.0 the

7880.0 3084.0 552.0 100.0 domestic
8496.0 3088.0 360.0 104.0 Issues
8924.0 3096.0 348.0 100.0 about
9336.0 3100.0 360.0 100.0 which

7876.0 3216.0 196.0 96.0 the
8136.0 3236.0 328.0 84.0 same
8524.0 3224.0 620.0 116.0 complaint
9204.0 3232.0 100.0 100.0 Is
9364.0 3232.0 332.0 100.0 made

7884.0 3368.0 188.0 80.0 are
8112.0 3352.0 548.0 120.0 carefully
8700.0 3360.0 620.0 104.0 examined.
9360.0 3368.0 332.0 108.0 Thus,

7872.0 3480.0 196.0 96.0 the
8128.0 3484.0 340.0 100.0 other
8520.0 3488.0 224.0 116.0 day
8800.0 3492.0 260.0 100.0 Vice
9116.0 3496.0 572.0 100.0 President

7872.0 3612.0 468.0 112.0 Lyndon
8392.0 3620.0 540.0 112.0 Johnson,
8984.0 3624.0 120.0 100.0 in
9164.0 3644.0 68.0 80.0 a
9284.0 3632.0 400.0 116.0 speech

7872.0 3752.0 124.0 92.0 at
8108.0 3748.0 468.0 112.0 Detroit,
8692.0 3752.0 248.0 104.0 said
9052.0 3760.0 264.0 100.0 that
9428.0 3764.0 256.0 100.0 "the

7872.0 3880.0 764.0 104.0 Communists
8736.0 3904.0 196.0 80.0 are
9028.0 3892.0 448.0 120.0 going
9568.0 3900.0 116.0 92.0 to

7872.0 4028.0 304.0 100.0 wage
8288.0 4032.0 72.0 80.0 a
8456.0 4032.0 228.0 84.0 war
8788.0 4020.0 120.0 100.0 of
9008.0 4020.0 352.0 104.0 doubt
9456.0 4024.0 224.0 100.0 and

7864.0 4144.0 568.0 120.0 disunity"
8572.0 4148.0 228.0 100.0 and
8936.0 4148.0 352.0 104.0 that
9424.0 4156.0 252.0 100.0 "the

7868.0 4276.0 440.0 104.0 leaders
8360.0 4280.0 116.0 100.0 of
8520.0 4276.0 344.0 104.0 world
8912.0 4280.0 768.0 108.0 Communism

7864.0 4408.0 332.0 100.0 know
8264.0 4412.0 256.0 100.0 that
8576.0 4412.0 128.0 100.0 in
8768.0 4412.0 232.0 100.0 this
9060.0 4416.0 268.0 120.0 ugly
9388.0 4416.0 248.0 100.0 busi-

7860.0 4560.0 268.0 84.0 ness
8180.0 4544.0 276.0 120.0 they
8500.0 4544.0 228.0 104.0 will
8780.0 4544.0 248.0 104.0 find
9080.0 4568.0 344.0 96.0 many
9472.0 4568.0 156.0 80.0 un-

7860.0 4676.0 444.0 120.0 witting
8384.0 4676.0 468.0 108.0 allies
8928.0 4680.0 468.0 104.0 without
9472.0 4700.0 204.0 84.0 our

7860.0 4828.0 252.0 80.0 own
8172.0 4808.0 512.0 120.0 society."

9844.0 1472.0 360.0 100.0 whose
10256.0 1472.0 356.0 104.0 effect
10664.0 1472.0 96.0 104.0 Is
10816.0 1476.0 120.0 104.0 to
10988.0 1476.0 280.0 116.0 help
11320.0 1476.0 324.0 100.0 Com-
11764.0 1472.0 760.0 120.0 phenomenon
12660.0 1460.0 132.0 104.0 In
12920.0 1480.0 64.0 80.0 a
13116.0 1460.0 420.0 116.0 society

9836.0 1604.0 420.0 104.0 munlst
10344.0 1612.0 440.0 112.0 psrty
10864.0 1612.0 564.0 96.0 members
11512.0 1608.0 128.0 100.0 la
11760.0 1604.0 360.0 100.0 where
12168.0 1604.0 692.0 112.0 controversy
12912.0 1596.0 620.0 100.0 flourishes,

9844.0 1736.0 224.0 100.0 this
10168.0 1740.0 468.0 120.0 country
10740.0 1744.0 116.0 92.0 to
10968.0 1740.0 332.0 100.0 svoid
11404.0 1736.0 232.0 116.0 Jail,
11756.0 1736.0 104.0 100.0 It
11976.0 1732.0 216.0 100.0 will
12316.0 1728.0 188.0 104.0 not
12620.0 1728.0 148.0 96.0 be
12884.0 1724.0 644.0 100.0 eliminated

9840.0 1868.0 228.0 100.0 and
10168.0 1872.0 360.0 112.0 when,
10632.0 1872.0 288.0 96.0 after
11028.0 1872.0 180.0 100.0 six
11312.0 1884.0 320.0 100.0 years
11752.0 1868.0 412.0 112.0 merely
12276.0 1860.0 136.0 116.0 by
12504.0 1856.0 792.0 104.0 denunciation
13404.0 1872.0 132.0 84.0 or

9832.0 2004.0 128.0 100.0 of
10012.0 2000.0 572.0 120.0 litigation,
10644.0 2004.0 192.0 100.0 the
10892.0 2000.0 740.0 124.0 Department
11676.0 2052.0 48.0 60.0 ,
11756.0 1992.0 684.0 104.0 excoriation.
12576.0 1992.0 644.0 96.0 Extremists
13340.0 1988.0 188.0 100.0 too

9832.0 2136.0 124.0 96.0 of
10056.0 2136.0 416.0 96.0 Justice
10564.0 2132.0 464.0 100.0 lawyers
11144.0 2152.0 140.0 80.0 so
11384.0 2128.0 248.0 100.0 into
11752.0 2132.0 308.0 96.0 often
12176.0 2144.0 188.0 80.0 are
12464.0 2120.0 516.0 112.0 begotten
13088.0 2120.0 152.0 112.0 by
13340.0 2140.0 196.0 76.0 ex-

5980.0 2448.0 276.0 116.0 they
6340.0 2452.0 412.0 104.0 believe
6840.0 2460.0 248.0 100.0 that
7164.0 2464.0 224.0 100.0 "we
7480.0 2464.0 292.0 104.0 have

5968.0 2584.0 276.0 112.0 only
6328.0 2588.0 216.0 92.0 two
6628.0 2592.0 444.0 96.0 choices
7240.0 2612.0 484.0 100.0 appease-

5968.0 2712.0 328.0 100.0 ment
6352.0 2736.0 132.0 80.0 or
6540.0 2732.0 264.0 96.0 war,
6872.0 2724.0 396.0 104.0 suicide
7324.0 2748.0 140.0 80.0 or
7524.0 2748.0 208.0 84.0 sur-

5964.0 2844.0 440.0 116.0 render,
6476.0 2844.0 704.0 112.0 humiliation
7244.0 2876.0 132.0 84.0 or
7452.0 2860.0 268.0 104.0 holo-

5972.0 2976.0 416.0 100.0 caust."
5976.0 3156.0 380.0 184.0 Many
6412.0 3164.0 436.0 144.0 Voices
6912.0 3168.0 392.0 148.0 Heard

6092.0 3384.0 164.0 104.0 He
6312.0 3384.0 452.0 124.0 implied
6824.0 3396.0 312.0 104.0 there
7188.0 3396.0 92.0 104.0 is
7340.0 3420.0 72.0 80.0 a
7476.0 3400.0 236.0 104.0 mid-

5956.0 3516.0 196.0 100.0 dle
6232.0 3524.0 424.0 108.0 ground
6848.0 3528.0 504.0 104.0 firmness
7440.0 3536.0 268.0 96.0 with-

5952.0 3652.0 212.0 96.0 out
6236.0 3652.0 680.0 120.0 rigidity,
6988.0 3660.0 572.0 124.0 flexibility
7628.0 3668.0 124.0 96.0 in

5956.0 3780.0 744.0 116.0 negotiations
6764.0 3788.0 452.0 108.0 without
7276.0 3792.0 440.0 104.0 advanc-

5956.0 3912.0 204.0 116.0 ing
6248.0 3916.0 280.0 116.0 "any
6608.0 3924.0 568.0 112.0 proposals
7252.0 3928.0 500.0 100.0 which

5948.0 4044.0 736.0 120.0 compromise
6776.0 4052.0 204.0 100.0 the
7064.0 4056.0 472.0 124.0 security
7624.0 4060.0 124.0 100.0 of

5948.0 4176.0 248.0 100.0 free
6256.0 4180.0 544.0 100.0 Oermans
6864.0 4180.0 220.0 104.0 and
7136.0 4188.0 292.0 100.0 West
7488.0 4192.0 220.0 100.0 Ber-

5944.0 4304.0 292.0 104.0 liner
6376.0 4328.0 128.0 80.0 or
6556.0 4312.0 568.0 124.0 endanger
7172.0 4320.0 296.0 104.0 their
7524.0 4324.0 216.0 100.0 ties

5948.0 4440.0 276.0 100.0 with
6276.0 4440.0 192.0 104.0 the
6520.0 4444.0 396.0 104.0 West"

6068.0 4572.0 240.0 100.0 The
6364.0 4592.0 472.0 100.0 average
6892.0 4596.0 264.0 84.0 man
7204.0 4596.0 268.0 108.0 may
7532.0 4588.0 208.0 100.0 not

5940.0 4704.0 316.0 112.0 quite
6292.0 4708.0 688.0 104.0 understand
7012.0 4716.0 180.0 100.0 the
7228.0 4732.0 512.0 88.0 nuances

5940.0 4832.0 132.0 96.0 of
6152.0 4840.0 280.0 96.0 such
6512.0 4844.0 508.0 108.0 words,
7100.0 4848.0 216.0 96.0 and
7400.0 4848.0 156.0 100.0 he
7640.0 4852.0 100.0 96.0 Is

5932.0 4964.0 404.0 120.0 hardly
6404.0 4972.0 120.0 96.0 to
6588.0 4968.0 144.0 104.0 be
6796.0 4972.0 684.0 104.0 condemned
7552.0 4980.0 184.0 100.0 for

5936.0 5100.0 400.0 116.0 saying
6408.0 5104.0 256.0 100.0 that
6748.0 5104.0 160.0 100.0 all
6980.0 5104.0 140.0 100.0 he
7192.0 5116.0 364.0 92.0 wants
7632.0 5112.0 104.0 100.0 is

5936.0 5232.0 188.0 96.0 for
6208.0 5232.0 176.0 100.0 his
6464.0 5252.0 256.0 84.0 own
6812.0 5244.0 712.0 108.0 government
7608.0 5244.0 128.0 96.0 to

5932.0 5360.0 152.0 100.0 be
6172.0 5364.0 472.0 100.0 resolute
6736.0 5368.0 228.0 100.0 and
7040.0 5372.0 448.0 100.0 stand
7576.0 5392.0 156.0 80.0 on

5932.0 5492.0 572.0 120.0 principle,
6552.0 5500.0 232.0 96.0 and
6832.0 5500.0 200.0 96.0 not
7072.0 5504.0 116.0 96.0 to
7232.0 5504.0 248.0 116.0 give
7528.0 5504.0 200.0 100.0 the

9828.0 2268.0 344.0 108.0 court,
10236.0 2268.0 360.0 100.0 throw
10664.0 2280.0 156.0 108.0 up
10884.0 2264.0 308.0 104.0 their
11256.0 2264.0 372.0 100.0 hands

9828.0 2400.0 228.0 96.0 and
10136.0 2396.0 624.0 108.0 declare
10844.0 2400.0 276.0 112.0 they
11204.0 2396.0 424.0 100.0 cannot

9824.0 2532.0 292.0 120.0 hope
10168.0 2536.0 120.0 100.0 to
10348.0 2528.0 436.0 104.0 convict
10836.0 2548.0 324.0 80.0 some
11216.0 2528.0 412.0 100.0 known

9824.0 2664.0 696.0 104.0 Communist
10588.0 2660.0 472.0 100.0 because
11124.0 2660.0 132.0 100.0 of
11320.0 2660.0 264.0 100.0 tech-

9820.0 2800.0 296.0 100.0 nical
10180.0 2796.0 700.0 100.0 deficiencies
10948.0 2792.0 124.0 100.0 In
11140.0 2796.0 208.0 96.0 the
11408.0 2792.0 216.0 96.0 law

9828.0 2952.0 128.0 80.0 as
10052.0 2928.0 672.0 120.0 interpreted
10816.0 2928.0 144.0 120.0 by
11056.0 2924.0 268.0 100.0 the
11420.0 2924.0 156.0 96.0 Su-

9824.0 3084.0 372.0 100.0 preme
10296.0 3064.0 372.0 108.0 Court,
10768.0 3056.0 92.0 104.0 it
10956.0 3056.0 104.0 104.0 Is
11164.0 3052.0 452.0 104.0 natural

9824.0 3200.0 252.0 96.0 that
10172.0 3196.0 688.0 100.0 resentment
10956.0 3188.0 416.0 104.0 should
11476.0 3188.0 140.0 96.0 be

9820.0 3328.0 488.0 104.0 aroused.

9828.0 3548.0 112.0 140.0 In
10012.0 3544.0 392.0 144.0 Other
10476.0 3544.0 592.0 136.0 Instances

9940.0 3748.0 256.0 104.0 This
10300.0 3744.0 536.0 120.0 happens,
10940.0 3744.0 232.0 100.0 too,
11284.0 3736.0 324.0 96.0 when

9812.0 3884.0 396.0 116.0 rapists
10300.0 3876.0 232.0 100.0 and
10620.0 3876.0 316.0 96.0 other
11028.0 3868.0 580.0 100.0 criminals

9812.0 4036.0 192.0 80.0 are
10100.0 4004.0 488.0 108.0 released
10688.0 4008.0 288.0 100.0 after
11076.0 4000.0 532.0 120.0 repeated

9812.0 4152.0 480.0 96.0 offenses
10340.0 4160.0 128.0 84.0 as
10512.0 4144.0 192.0 100.0 the
10744.0 4136.0 336.0 104.0 claim
11128.0 4136.0 104.0 100.0 is
11272.0 4132.0 332.0 108.0 made

9816.0 4284.0 248.0 96.0 that
10164.0 4280.0 272.0 112.0 they
10544.0 4272.0 408.0 100.0 cannot
11068.0 4268.0 144.0 100.0 be
11320.0 4284.0 232.0 96.0 pun-

9800.0 4412.0 316.0 100.0 ished
10180.0 4412.0 476.0 96.0 because
10716.0 4404.0 124.0 100.0 of
10904.0 4420.0 328.0 84.0 some
11296.0 4400.0 260.0 96.0 tech-

9796.0 4548.0 480.0 112.0 nicality,
10328.0 4544.0 292.0 104.0 such
10672.0 4556.0 128.0 84.0 as
10856.0 4552.0 68.0 84.0 a
10980.0 4524.0 624.0 132.0 prolonged

9796.0 4684.0 324.0 116.0 delay
10176.0 4680.0 120.0 100.0 in
10360.0 4672.0 796.0 116.0 arraignment.

9920.0 4820.0 104.0 92.0 It
10084.0 4812.0 96.0 104.0 Is
10244.0 4804.0 664.0 124.0 deplorable,
10968.0 4800.0 136.0 100.0 of
11172.0 4812.0 428.0 92.0 course,

9804.0 4952.0 320.0 92.0 when
10228.0 4960.0 228.0 96.0 any
10560.0 4936.0 500.0 104.0 member
11168.0 4932.0 124.0 100.0 of
11392.0 4932.0 204.0 96.0 the

9792.0 5084.0 296.0 96.0 John
10176.0 5076.0 340.0 104.0 Birch
10612.0 5072.0 432.0 112.0 Society
11140.0 5068.0 408.0 96.0 charac-

9788.0 5216.0 384.0 100.0 terizes
10252.0 5212.0 424.0 100.0 former
10752.0 5204.0 272.0 116.0 high
11104.0 5200.0 492.0 96.0 officials

9784.0 5352.0 128.0 92.0 of
9988.0 5352.0 192.0 96.0 the
10256.0 5340.0 720.0 124.0 government
11060.0 5352.0 132.0 80.0 as
11268.0 5336.0 272.0 92.0 "con

9784.0 5480.0 364.0 104.0 scious
10232.0 5480.0 456.0 112.0 agents"
10772.0 5480.0 120.0 92.0 of
10976.0 5480.0 212.0 92.0 the
11272.0 5480.0 312.0 84.0 com-

11748.0 2256.0 484.0 104.0 tremlsts
12284.0 2252.0 120.0 100.0 of
12448.0 2252.0 192.0 100.0 the
12696.0 2252.0 496.0 120.0 opposite
13248.0 2248.0 272.0 104.0 side.

11868.0 2392.0 108.0 96.0 It
12064.0 2400.0 264.0 100.0 may
12416.0 2380.0 484.0 104.0 behoove
12992.0 2400.0 312.0 84.0 some
13400.0 2380.0 124.0 100.0 of

11744.0 2524.0 256.0 100.0 the
12124.0 2512.0 1144.0 116.0 technically-minded
13400.0 2512.0 124.0 100.0 in

11744.0 2656.0 196.0 96.0 the
12040.0 2648.0 556.0 120.0 Judiciary,
12700.0 2648.0 184.0 100.0 for
12976.0 2648.0 548.0 108.0 Instance,

11740.0 2792.0 124.0 96.0 to
11960.0 2780.0 452.0 120.0 restudy
12496.0 2780.0 200.0 100.0 the
12800.0 2780.0 500.0 100.0 doctrine
13396.0 2776.0 128.0 100.0 of

11736.0 2924.0 136.0 96.0 "a
11972.0 2920.0 304.0 96.0 clear
12376.0 2912.0 216.0 104.0 and
12700.0 2916.0 440.0 116.0 present
13244.0 2912.0 228.0 96.0 dan-

11744.0 3052.0 276.0 116.0 ger,"
12120.0 3072.0 128.0 76.0 as
12336.0 3044.0 640.0 120.0 expounded
13072.0 3044.0 148.0 112.0 by
13316.0 3044.0 204.0 96.0 the

11736.0 3188.0 228.0 100.0 late
12008.0 3184.0 360.0 112.0 Judge
12408.0 3176.0 484.0 104.0 Learned
12940.0 3172.0 356.0 100.0 Hand.
13376.0 3176.0 136.0 96.0 In

11740.0 3340.0 64.0 80.0 a
11900.0 3320.0 444.0 96.0 famous
12428.0 3308.0 452.0 120.0 opinion
12968.0 3304.0 548.0 100.0 rendered

11736.0 3456.0 116.0 92.0 In
11924.0 3456.0 232.0 92.0 1950
12220.0 3448.0 120.0 96.0 in
12400.0 3464.0 64.0 80.0 s
12524.0 3460.0 260.0 84.0 case
12848.0 3436.0 432.0 116.0 against
13340.0 3456.0 132.0 76.0 or-

11740.0 3584.0 488.0 112.0 ganizers
12324.0 3576.0 112.0 100.0 of
12520.0 3580.0 200.0 92.0 the
12820.0 3568.0 692.0 100.0 Communist

11732.0 3720.0 320.0 120.0 party
12108.0 3712.0 120.0 100.0 In
12288.0 3708.0 520.0 108.0 America,
12868.0 3704.0 132.0 96.0 he
13064.0 3704.0 376.0 96.0 wrote:

11860.0 3848.0 288.0 96.0 "The
12256.0 3840.0 496.0 120.0 question
12860.0 3832.0 368.0 104.0 before
13344.0 3848.0 164.0 96.0 us,

11736.0 3980.0 220.0 100.0 and
12060.0 3980.0 192.0 96.0 the
12356.0 3972.0 244.0 116.0 only
12712.0 3988.0 236.0 84.0 one,
13052.0 3968.0 96.0 96.0 Is
13252.0 3964.0 252.0 100.0 how

11728.0 4116.0 260.0 112.0 long
12088.0 4132.0 68.0 76.0 a
12256.0 4100.0 724.0 128.0 government,
13084.0 4096.0 420.0 116.0 having

13652.0 1456.0 644.0 100.0 discovered
14344.0 1460.0 272.0 100.0 such
14664.0 1480.0 68.0 80.0 a
14780.0 1468.0 656.0 128.0 conspiracy,

13652.0 1592.0 320.0 96.0 must
14056.0 1592.0 292.0 100.0 wait.
14468.0 1592.0 340.0 100.0 When
14904.0 1596.0 268.0 108.0 does
15252.0 1612.0 180.0 100.0 the

13652.0 1716.0 664.0 120.0 conspiracy
14412.0 1716.0 448.0 108.0 become
14960.0 1744.0 76.0 88.0 a
15136.0 1732.0 268.0 124.0 'pres-

13652.0 1852.0 204.0 96.0 ent
13928.0 1848.0 516.0 116.0 danger?'
14528.0 1920.0 24.0 28.0 .
14656.0 1924.0 24.0 24.0 .

13768.0 1980.0 380.0 108.0 "True,
14220.0 2000.0 164.0 80.0 we
14452.0 1980.0 304.0 104.0 must
14820.0 1984.0 204.0 104.0 not
15092.0 1988.0 340.0 128.0 forget

13644.0 2132.0 216.0 84.0 our
13936.0 2128.0 252.0 80.0 own
14272.0 2108.0 324.0 116.0 faith;
14676.0 2128.0 168.0 84.0 we
14924.0 2128.0 304.0 96.0 must
15300.0 2132.0 132.0 104.0 be

13648.0 2244.0 524.0 100.0 sensitive
14232.0 2244.0 132.0 96.0 to
14412.0 2244.0 196.0 96.0 the
14664.0 2244.0 480.0 124.0 dangers
15192.0 2256.0 240.0 108.0 that

13648.0 2376.0 260.0 100.0 lurk
14012.0 2372.0 120.0 100.0 in
14248.0 2392.0 224.0 100.0 any
14572.0 2376.0 564.0 116.0 choice;
15244.0 2388.0 188.0 108.0 but

13644.0 2512.0 412.0 96.0 choose
14180.0 2520.0 168.0 84.0 we
14472.0 2512.0 336.0 108.0 must,
14932.0 2512.0 224.0 100.0 and
15276.0 2540.0 152.0 88.0 we

13644.0 2640.0 300.0 104.0 shall
14044.0 2636.0 144.0 100.0 be
14288.0 2632.0 252.0 120.0 silly
14640.0 2640.0 352.0 116.0 dupes
15092.0 2648.0 96.0 96.0 if
15276.0 2672.0 152.0 84.0 we

13640.0 2772.0 372.0 120.0 forget
14076.0 2772.0 264.0 96.0 that
14412.0 2768.0 324.0 120.0 again
14812.0 2772.0 228.0 100.0 and
15116.0 2788.0 308.0 108.0 again

13644.0 2904.0 120.0 100.0 In
13872.0 2904.0 200.0 96.0 the
14172.0 2904.0 264.0 116.0 past
14536.0 2900.0 120.0 96.0 30
14756.0 2920.0 352.0 100.0 years.
15208.0 2912.0 216.0 112.0 Just

13640.0 3036.0 292.0 100.0 such
14028.0 3032.0 768.0 120.0 preparations
14896.0 3036.0 120.0 100.0 in
15120.0 3044.0 304.0 104.0 other

13636.0 3164.0 568.0 100.0 countries
14272.0 3164.0 284.0 100.0 have
14620.0 3164.0 320.0 100.0 aided
15004.0 3172.0 120.0 96.0 to
15184.0 3192.0 200.0 104.0 sup-

13632.0 3300.0 332.0 120.0 plant
14056.0 3296.0 480.0 116.0 existing
14628.0 3316.0 788.0 108.0 governments,

13636.0 3432.0 328.0 96.0 when
14028.0 3432.0 196.0 100.0 the
14292.0 3428.0 268.0 100.0 time
14620.0 3448.0 224.0 80.0 was
14916.0 3436.0 228.0 116.0 ripe
15212.0 3504.0 28.0 32.0 .
15300.0 3508.0 24.0 28.0 .
15388.0 3516.0 24.0 24.0 .

13632.0 3568.0 188.0 92.0 We
13896.0 3560.0 264.0 100.0 hold
14232.0 3560.0 252.0 96.0 that
14552.0 3560.0 88.0 96.0 It
14712.0 3560.0 92.0 96.0 Is
14876.0 3580.0 68.0 80.0 a
15016.0 3568.0 396.0 120.0 danger

13632.0 3696.0 340.0 96.0 'clear
14036.0 3692.0 228.0 100.0 and
14336.0 3692.0 500.0 116.0 present'
14868.0 3696.0 60.0 40.0 "

13756.0 3824.0 268.0 100.0 This
14124.0 3840.0 228.0 84.0 was
14456.0 3824.0 408.0 112.0 upheld
14968.0 3824.0 116.0 100.0 In
15196.0 3832.0 204.0 100.0 1951

13632.0 3956.0 144.0 120.0 by
13864.0 3960.0 196.0 96.0 the
14152.0 3960.0 528.0 112.0 Supreme
14772.0 3960.0 340.0 100.0 Court
15200.0 3968.0 208.0 100.0 and

13632.0 4092.0 80.0 100.0 It
13784.0 4088.0 100.0 104.0 is
13952.0 4084.0 220.0 108.0 still
14248.0 4088.0 348.0 100.0 worth
14652.0 4088.0 632.0 124.0 pondering.

11788.0 4656.0 780.0 128.0 Innocent
12700.0 4648.0 900.0 164.0 Bystander

11772.0 5000.0 352.0 224.0 01
12244.0 5000.0 436.0 224.0 lie
12884.0 5012.0 324.0 212.0 M.
13440.0 5004.0 1176.0 220.0 JAMES

768.0 5724.0 592.0 148.0 Kingdom
1516.0 5728.0 236.0 116.0 and
1904.0 5724.0 812.0 148.0 substantially
2872.0 5760.0 340.0 92.0 more
3328.0 5748.0 400.0 120.0 USSR
3788.0 5744.0 104.0 120.0 is
3948.0 5748.0 132.0 120.0 in
4144.0 5776.0 368.0 120.0 many
4572.0 5780.0 328.0 116.0 ways
4960.0 5760.0 144.0 112.0 at
5172.0 5752.0 212.0 116.0 the
5452.0 5760.0 340.0 136.0 stage

3328.0 5952.0 208.0 116.0 the
3632.0 5944.0 428.0 124.0 United
4148.0 5948.0 412.0 120.0 States
4648.0 5956.0 316.0 116.0 went
5052.0 5948.0 528.0 148.0 through
5672.0 5956.0 120.0 120.0 in

3324.0 6148.0 204.0 120.0 the
3580.0 6148.0 388.0 140.0 1890s,
4016.0 6180.0 80.0 88.0 a
4140.0 6152.0 288.0 120.0 time
4468.0 6148.0 136.0 120.0 of
4640.0 6148.0 596.0 156.0 explosive
5288.0 6160.0 492.0 140.0 growth.

764.0 5924.0 308.0 120.0 than
1120.0 5924.0 344.0 120.0 those
1512.0 5924.0 136.0 124.0 of
1692.0 5928.0 472.0 116.0 Sweden
2208.0 5924.0 232.0 120.0 and
2488.0 5924.0 508.0 124.0 Canada.

992.0 6184.0 252.0 120.0 The
1308.0 6184.0 272.0 148.0 goal
1644.0 6184.0 112.0 120.0 is
1820.0 6192.0 208.0 112.0 not
2092.0 6180.0 688.0 152.0 necessarily
2852.0 6192.0 300.0 112.0 unat-

760.0 6356.0 552.0 124.0 tainable.
1436.0 6356.0 236.0 120.0 But
1752.0 6360.0 108.0 120.0 is
1940.0 6360.0 328.0 116.0 there
2348.0 6388.0 236.0 120.0 any
2656.0 6356.0 332.0 152.0 point
3072.0 6356.0 120.0 120.0 in

752.0 6536.0 756.0 144.0 announcing
1608.0 6540.0 132.0 108.0 to
1844.0 6528.0 200.0 124.0 the
2148.0 6532.0 356.0 120.0 world
2600.0 6564.0 76.0 88.0 a
2780.0 6536.0 416.0 148.0 target

752.0 6704.0 288.0 120.0 that
1092.0 6704.0 384.0 148.0 might
1536.0 6736.0 352.0 120.0 prove
1948.0 6704.0 340.0 120.0 much
2348.0 6712.0 200.0 112.0 too
2600.0 6700.0 368.0 152.0 high?
3072.0 6708.0 124.0 116.0 It

744.0 6880.0 400.0 144.0 might
1200.0 6880.0 148.0 120.0 be
1408.0 6876.0 388.0 120.0 better
1848.0 6876.0 200.0 124.0 for
2104.0 6880.0 208.0 124.0 the
2368.0 6880.0 396.0 120.0 OECD
2824.0 6908.0 316.0 88.0 coun-

748.0 7052.0 308.0 120.0 tries
1132.0 7056.0 132.0 116.0 to
1336.0 7052.0 164.0 120.0 do
1576.0 7052.0 308.0 120.0 their
1960.0 7056.0 284.0 120.0 level
2328.0 7056.0 256.0 116.0 best
2652.0 7048.0 244.0 124.0 and
2976.0 7084.0 212.0 84.0 sea

3540.0 6436.0 116.0 116.0 A
3724.0 6432.0 416.0 152.0 higher
4196.0 6440.0 460.0 148.0 growth
4712.0 6444.0 268.0 120.0 rate
5040.0 6440.0 108.0 124.0 is
5212.0 6444.0 524.0 120.0 undoubt-

3312.0 6636.0 276.0 148.0 edly
3692.0 6636.0 580.0 124.0 desirable
4372.0 6640.0 196.0 120.0 for
4660.0 6640.0 420.0 152.0 nearly
5180.0 6644.0 160.0 120.0 all
5444.0 6652.0 336.0 112.0 these

3308.0 6840.0 624.0 120.0 countries.
4004.0 6840.0 120.0 124.0 It
4192.0 6840.0 112.0 120.0 is
4372.0 6844.0 780.0 120.0 worth-while
5224.0 6852.0 136.0 116.0 to
5428.0 6852.0 356.0 116.0 shoot

3308.0 7044.0 120.0 120.0 fat
3468.0 7044.0 292.0 124.0 that
3796.0 7040.0 596.0 148.0 direction,
4440.0 7044.0 236.0 124.0 and
4720.0 7048.0 632.0 152.0 especially
5400.0 7060.0 132.0 112.0 to
5580.0 7088.0 196.0 84.0 see

740.0 7228.0 340.0 116.0 what
1140.0 7260.0 224.0 88.0 can
1424.0 7224.0 148.0 120.0 be
1632.0 7228.0 572.0 120.0 achieved.
2304.0 7228.0 124.0 116.0 If
2480.0 7224.0 284.0 148.0 they
2824.0 7228.0 356.0 116.0 make
3300.0 7216.0 336.0 120.0 what
3684.0 7248.0 224.0 92.0 can
3952.0 7220.0 152.0 116.0 be
4156.0 7220.0 300.0 116.0 dona
4508.0 7220.0 520.0 148.0 through
5084.0 7224.0 388.0 120.0 closer
5520.0 7264.0 256.0 80.0 eco-

7868.0 5024.0 592.0 140.0 Reaction
8532.0 5024.0 196.0 144.0 Of
8792.0 5020.0 392.0 148.0 Public

7968.0 5224.0 172.0 96.0 He
8200.0 5224.0 348.0 120.0 spoke
8600.0 5224.0 132.0 100.0 of
8788.0 5224.0 324.0 104.0 those
9168.0 5228.0 252.0 100.0 who
9476.0 5248.0 188.0 80.0 are

7852.0 5356.0 476.0 116.0 "urging
8424.0 5360.0 200.0 96.0 the
8732.0 5360.0 396.0 116.0 people
9232.0 5360.0 120.0 100.0 to
9452.0 5364.0 212.0 96.0 dis-

7848.0 5492.0 288.0 60.0 tvnier
8272.0 5492.0 208.0 60.0 Hois
8640.0 5512.0 168.0 40.0 um
8956.0 5492.0 344.0 60.0 1-tasl
9368.0 5492.0 240.0 60.0 1aaf

5924.0 5624.0 664.0 120.0 Impression
6676.0 5632.0 260.0 96.0 that
7016.0 5632.0 88.0 96.0 It
7176.0 5628.0 96.0 104.0 is
7360.0 5636.0 364.0 96.0 weak-
7844.0 5640.0 208.0 88.0 ers,
8108.0 5620.0 308.0 104.0 their
8468.0 5640.0 248.0 84.0 own
8772.0 5624.0 888.0 116.0 long-cherished
9780.0 5612.0 424.0 100.0 munlst
10248.0 5608.0 668.0 116.0 conspiracy.
11000.0 5604.0 112.0 100.0 It
11156.0 5600.0 100.0 100.0 is
11300.0 5620.0 284.0 76.0 even
11716.0 5592.0 624.0 160.0 Tuesday
12424.0 5592.0 428.0 160.0 Tripe,
12948.0 5592.0 240.0 132.0 Tra
13300.0 5592.0 172.0 128.0 La

5924.0 5756.0 372.0 104.0 kneed
6388.0 5776.0 124.0 80.0 or
6608.0 5760.0 540.0 120.0 wavering
7236.0 5780.0 128.0 80.0 or
7464.0 5764.0 256.0 120.0 beg-
7844.0 5752.0 792.0 112.0 institutions."
8696.0 5756.0 232.0 100.0 and
8988.0 5756.0 364.0 100.0 added
9404.0 5756.0 252.0 100.0 that
9776.0 5768.0 312.0 80.0 more
10164.0 5752.0 660.0 108.0 regrettable
10904.0 5752.0 340.0 84.0 wnen
11324.0 5752.0 260.0 96.0 sup-
12004.0 5796.0 836.0 100.0 rHARLENE
12920.0 5788.0 384.0 108.0 GEST
13428.0 5784.0 204.0 112.0 the
13716.0 5772.0 588.0 124.0 beautiful
14392.0 5768.0 504.0 120.0 redhead
14980.0 5772.0 120.0 120.0 in
15188.0 5808.0 200.0 84.0 our

5924.0 5888.0 272.0 116.0 ging
6252.0 5888.0 172.0 100.0 for
6476.0 5912.0 404.0 96.0 mercy.
7840.0 5888.0 384.0 96.0 "these
8332.0 5904.0 184.0 80.0 are
8616.0 5884.0 200.0 100.0 the
8916.0 5892.0 396.0 112.0 people
9408.0 5892.0 244.0 96.0 who
9780.0 5876.0 444.0 124.0 posedly
10312.0 5868.0 760.0 104.0 conservative
11172.0 5884.0 412.0 100.0 groups
12100.0 5836.0 760.0 188.0 tZfz2Z
12984.0 5980.0 12.0 44.0 ,
12996.0 5932.0 724.0 92.0 rfrWnt
13852.0 5928.0 280.0 96.0 aakg
14224.0 5920.0 104.0 104.0 if
14408.0 5948.0 168.0 76.0 we
14664.0 5920.0 340.0 104.0 know
15092.0 5920.0 300.0 104.0 what

6056.0 6024.0 336.0 116.0 Many
6460.0 6024.0 368.0 100.0 voices
6900.0 6044.0 180.0 84.0 are
7144.0 6024.0 344.0 100.0 heard
7564.0 6048.0 156.0 80.0 on
7840.0 6036.0 440.0 84.0 scream
8352.0 6020.0 252.0 100.0 that
8672.0 6020.0 204.0 100.0 the
8944.0 6020.0 540.0 116.0 Judiciary
9552.0 6020.0 100.0 100.0 Is
9776.0 6012.0 268.0 100.0 mail
10092.0 6012.0 192.0 100.0 out
10332.0 6012.0 560.0 96.0 literature
10940.0 6004.0 284.0 96.0 with
11272.0 6004.0 312.0 92.0 blan-
11720.0 5952.0 544.0 164.0 P"183.
12308.0 5976.0 132.0 192.0 f
13728.0 6012.0 28.0 48.0 '
13804.0 6072.0 48.0 96.0 f
13972.0 6072.0 68.0 96.0 h
14168.0 5936.0 408.0 232.0 olaT
14612.0 5936.0 780.0 232.0 WeThS

5924.0 6152.0 436.0 116.0 foreign
6500.0 6160.0 392.0 112.0 policy.
7056.0 6160.0 664.0 116.0 Conflicting
7836.0 6152.0 392.0 96.0 biased
8288.0 6152.0 228.0 96.0 and
8572.0 6152.0 264.0 100.0 that
8896.0 6152.0 148.0 100.0 its
9104.0 6152.0 544.0 100.0 decisions
9784.0 6144.0 196.0 96.0 ket
10080.0 6140.0 720.0 104.0 indictments
10904.0 6140.0 128.0 96.0 of
11144.0 6132.0 432.0 100.0 certain
11720.0 6104.0 284.0 136.0 they
12056.0 6092.0 220.0 124.0 call
12552.0 6120.0 76.0 80.0 v
12820.0 6116.0 100.0 80.0 w
13120.0 6112.0 100.0 80.0 "
13804.0 6104.0 92.0 156.0 L

5920.0 6288.0 668.0 100.0 statements
6692.0 6288.0 148.0 116.0 by
6936.0 6304.0 64.0 84.0 a
7088.0 6288.0 412.0 120.0 variety
7596.0 6292.0 120.0 96.0 of
7836.0 6284.0 352.0 112.0 ought
8248.0 6288.0 208.0 96.0 not
8516.0 6284.0 120.0 100.0 to
8696.0 6284.0 140.0 100.0 be
8892.0 6284.0 512.0 116.0 obeyed."
9780.0 6276.0 272.0 100.0 civic
10156.0 6272.0 808.0 120.0 organizations
11080.0 6268.0 496.0 100.0 whose
11712.0 6252.0 208.0 108.0 out
11996.0 6272.0 216.0 80.0 our
12284.0 6232.0 268.0 116.0 slide
12632.0 6228.0 248.0 112.0 rule
12952.0 6224.0 228.0 116.0 and
13256.0 6216.0 464.0 140.0 figured
13800.0 6216.0 104.0 116.0 it
13980.0 6220.0 320.0 108.0 must
14376.0 6216.0 184.0 156.0 be.
14660.0 6216.0 504.0 108.0 Chicken
15236.0 6216.0 148.0 108.0 Of

5912.0 6420.0 672.0 112.0 spokesmen
6648.0 6416.0 124.0 100.0 In
6836.0 6420.0 192.0 100.0 the
7088.0 6424.0 284.0 96.0 West
7432.0 6420.0 276.0 100.0 tend
7956.0 6416.0 360.0 100.0 When
8400.0 6416.0 196.0 100.0 the
8684.0 6432.0 472.0 100.0 average
9240.0 6412.0 412.0 104.0 Ameri-
9772.0 6412.0 320.0 96.0 views
10212.0 6428.0 160.0 80.0 on
10496.0 6408.0 368.0 116.0 publlo
10996.0 6408.0 580.0 108.0 questions
11708.0 6408.0 244.0 96.0 The
12012.0 6408.0 256.0 96.0 sea.
12352.0 6464.0 24.0 32.0 .
12444.0 6460.0 24.0 36.0 .
12536.0 6456.0 28.0 36.0 .
12636.0 6408.0 112.0 80.0 u
12816.0 6408.0 220.0 112.0 you
13080.0 6408.0 128.0 80.0 re
13276.0 6408.0 244.0 72.0 sua
13584.0 6408.0 284.0 72.0 vmn
13948.0 6408.0 164.0 84.0 ua,
14188.0 6408.0 216.0 68.0 imr
14988.0 6408.0 324.0 88.0 uBu

9772.0 6552.0 264.0 88.0 they
10124.0 6552.0 456.0 88.0 haDDen
10672.0 6552.0 120.0 88.0 to
10884.0 6552.0 436.0 84.0 aisiike,
11704.0 6552.0 252.0 80.0 ssks
12052.0 6552.0 84.0 80.0 n
12228.0 6552.0 152.0 72.0 we
12468.0 6552.0 320.0 64.0 miuw
12888.0 6552.0 224.0 76.0 wny
13216.0 6552.0 256.0 72.0 wicy

9896.0 6672.0 648.0 104.0 Extremism
10668.0 6668.0 92.0 104.0 Is
10872.0 6672.0 128.0 100.0 to
11128.0 6672.0 136.0 96.0 be
11384.0 6664.0 148.0 100.0 de-

9768.0 6808.0 400.0 120.0 plored,
10268.0 6808.0 208.0 100.0 but
10572.0 6800.0 88.0 104.0 It
10752.0 6804.0 92.0 100.0 is
10940.0 6820.0 72.0 84.0 a
11112.0 6800.0 456.0 100.0 natural

5912.0 6552.0 128.0 96.0 to
6112.0 6552.0 456.0 100.0 confuse
6632.0 6548.0 312.0 120.0 large
7004.0 6552.0 512.0 104.0 numbers
7584.0 6552.0 124.0 104.0 of

5912.0 6680.0 672.0 104.0 Americans.

6112.0 6816.0 216.0 104.0 But
6408.0 6816.0 192.0 100.0 the
6680.0 6812.0 348.0 124.0 really
7100.0 6812.0 612.0 124.0 Important

7832.0 6564.0 244.0 92.0 can,
8140.0 6544.0 544.0 116.0 however,
8748.0 6548.0 328.0 104.0 reads
9136.0 6548.0 256.0 100.0 that
9452.0 6548.0 192.0 100.0 the

7832.0 6680.0 544.0 112.0 Supreme
8460.0 6680.0 344.0 104.0 Court
8884.0 6676.0 452.0 124.0 again
9420.0 6676.0 220.0 100.0 and

7832.0 6808.0 336.0 120.0 again
8284.0 6812.0 460.0 100.0 renders
8852.0 6808.0 788.0 104.0 decisions

740.0 7400.0 224.0 120.0 the
1052.0 7412.0 396.0 136.0 quota,
1552.0 7404.0 336.0 116.0 there
1980.0 7400.0 224.0 120.0 will
2304.0 7400.0 148.0 120.0 be
2540.0 7400.0 404.0 152.0 plenty
3036.0 7396.0 148.0 124.0 of

740.0 7580.0 444.0 160.0 chgnce
1256.0 7580.0 132.0 112.0 to
1456.0 7608.0 316.0 84.0 crow
1840.0 7572.0 360.0 124.0 about
2264.0 7576.0 136.0 120.0 it.
2436.0 7572.0 116.0 124.0 If
2616.0 7572.0 292.0 148.0 they
2976.0 7576.0 200.0 116.0 set

740.0 7784.0 84.0 84.0 a
892.0 7748.0 288.0 156.0 goal
1272.0 7748.0 232.0 116.0 and
1592.0 7748.0 324.0 144.0 miss,
2008.0 7748.0 284.0 152.0 they
2376.0 7744.0 432.0 152.0 merely
2900.0 7748.0 272.0 144.0 give

732.0 7924.0 696.0 148.0 IhfcSoviet
1508.0 7920.0 380.0 120.0 Union
1968.0 7960.0 156.0 84.0 an
2196.0 7924.0 756.0 148.0 opportunity
3036.0 7928.0 136.0 116.0 to

736.0 8100.0 492.0 136.0 toflCits
1296.0 8128.0 260.0 88.0 own
1628.0 8096.0 292.0 124.0 horn
1992.0 8108.0 128.0 108.0 at
2184.0 8100.0 212.0 112.0 the
2460.0 8128.0 500.0 116.0 expense
3032.0 8096.0 140.0 116.0 of

732.0 8272.0 1096.0 116.0 thsdemocracies.

3296.0 7388.0 392.0 124.0 nomic
3812.0 7396.0 716.0 144.0 Integration
4644.0 7396.0 136.0 116.0 of
4900.0 7396.0 220.0 116.0 the
5248.0 7400.0 524.0 120.0 Atlantic

3292.0 7568.0 788.0 120.0 democracies
4140.0 7576.0 144.0 112.0 to
4340.0 7568.0 344.0 144.0 bring
4744.0 7568.0 368.0 120.0 about
5172.0 7612.0 84.0 80.0 a
5316.0 7580.0 456.0 112.0 mutual

3292.0 7740.0 564.0 124.0 stimulus
3936.0 7748.0 132.0 112.0 to
4156.0 7744.0 588.0 116.0 economic
4828.0 7744.0 576.0 124.0 advance.
5532.0 7756.0 240.0 112.0 But

3292.0 7916.0 468.0 148.0 setting
3844.0 7952.0 152.0 84.0 an
4084.0 7920.0 604.0 144.0 arbitrary
4772.0 7924.0 408.0 144.0 target
5268.0 7920.0 200.0 120.0 for
5560.0 7928.0 208.0 116.0 the

3292.0 8096.0 288.0 112.0 next
3632.0 8092.0 328.0 144.0 eight
4012.0 8124.0 144.0 84.0 or
4204.0 8096.0 276.0 120.0 nine
4528.0 8124.0 348.0 116.0 years
4928.0 8096.0 112.0 116.0 is
5096.0 8104.0 216.0 112.0 not
5368.0 8128.0 340.0 88.0 neces-

3292.0 8268.0 376.0 144.0 sarily
3712.0 8264.0 200.0 120.0 the
3960.0 8296.0 272.0 116.0 way
4280.0 8272.0 128.0 116.0 to
4456.0 8300.0 152.0 112.0 go
4652.0 8268.0 368.0 120.0 about
5068.0 8268.0 132.0 124.0 it

736.0 8704.0 828.0 336.0 Curb
1748.0 8716.0 472.0 324.0 On
2404.0 8712.0 2100.0 416.0 Fare-Cutting

936.0 9212.0 408.0 124.0 MOST
1424.0 9212.0 768.0 128.0 DOMESTIC
2268.0 9212.0 492.0 140.0 airlines,
2848.0 9208.0 300.0 124.0 with
3276.0 9240.0 340.0 92.0 some
3676.0 9208.0 464.0 140.0 abuses,
4204.0 9212.0 240.0 120.0 and
4500.0 9208.0 196.0 124.0 did
4752.0 9220.0 216.0 116.0 not
5028.0 9216.0 324.0 120.0 build
5412.0 9224.0 344.0 120.0 much

700.0 9416.0 444.0 144.0 higher
1192.0 9416.0 628.0 152.0 operating
1868.0 9424.0 320.0 112.0 costs
2244.0 9416.0 232.0 124.0 and
2524.0 9412.0 636.0 140.0 expensive
3276.0 9408.0 132.0 120.0 of
3484.0 9436.0 88.0 92.0 a
3652.0 9436.0 260.0 92.0 new
3988.0 9412.0 512.0 120.0 market
4652.0 9416.0 248.0 120.0 The
4984.0 9416.0 428.0 152.0 family
5492.0 9424.0 264.0 120.0 fare

696.0 9648.0 280.0 104.0 new
1008.0 9620.0 680.0 148.0 equipment
1724.0 9624.0 132.0 116.0 to
1892.0 9620.0 576.0 136.0 smortiae,
2508.0 9620.0 296.0 120.0 have
2844.0 9620.0 304.0 120.0 been
3276.0 9608.0 220.0 120.0 has
3604.0 9608.0 296.0 124.0 been
3992.0 9608.0 256.0 124.0 leas
4340.0 9616.0 296.0 120.0 than
4732.0 9648.0 80.0 88.0 a
4912.0 9616.0 232.0 124.0 full
5244.0 9656.0 504.0 92.0 success,

696.0 9820.0 316.0 120.0 hard
1060.0 9828.0 216.0 144.0 put
1320.0 9828.0 140.0 112.0 to
1504.0 9828.0 284.0 144.0 atay
1832.0 9824.0 120.0 120.0 in
2000.0 9824.0 204.0 116.0 the
2248.0 9824.0 364.0 116.0 black.
2732.0 9820.0 284.0 124.0 And
3064.0 9852.0 84.0 88.0 a
3272.0 9808.0 276.0 120.0 And
3588.0 9812.0 136.0 120.0 in
3764.0 9844.0 236.0 124.0 any
4036.0 9844.0 316.0 112.0 case,
4384.0 9820.0 204.0 116.0 the
4628.0 9820.0 616.0 124.0 increased
5288.0 9828.0 464.0 120.0 volume

676.0 10020.0 332.0 148.0 good
1060.0 10052.0 364.0 116.0 many
1476.0 10024.0 308.0 120.0 have
1836.0 10032.0 212.0 112.0 not
2100.0 10024.0 648.0 120.0 succeeded.
2892.0 10028.0 248.0 116.0 For

680.0 10252.0 84.0 92.0 a
860.0 10220.0 324.0 144.0 time,
1276.0 10224.0 492.0 144.0 notably
1852.0 10228.0 124.0 120.0 in
2068.0 10224.0 320.0 140.0 1961,
2480.0 10224.0 332.0 124.0 there
2908.0 10228.0 228.0 120.0 haa

676.0 10420.0 476.0 120.0 beeaa
1244.0 10428.0 280.0 116.0 rash
1620.0 10428.0 136.0 116.0 of
1844.0 10428.0 752.0 148.0 promotional
2684.0 10428.0 444.0 148.0 special

664.0 10624.0 420.0 136.0 fared
1176.0 10628.0 376.0 120.0 These
1604.0 10624.0 524.0 124.0 included
2180.0 10660.0 76.0 88.0 a
2308.0 10628.0 564.0 124.0 half-fare
2928.0 10628.0 204.0 120.0 for

664.0 10792.0 416.0 208.0 yooinj
1184.0 10828.0 408.0 152.0 people
1700.0 10828.0 292.0 148.0 aged
2100.0 10828.0 140.0 120.0 13
2352.0 10832.0 136.0 116.0 to
2584.0 10828.0 176.0 124.0 22.
2956.0 10828.0 172.0 124.0 Of

664.0 11032.0 428.0 148.0 longer
1144.0 11028.0 560.0 144.0 standing
1756.0 11028.0 104.0 120.0 is
1916.0 11028.0 204.0 120.0 the
2176.0 11028.0 408.0 152.0 family
2636.0 11032.0 276.0 120.0 fare
2964.0 11068.0 164.0 84.0 on

660.0 11232.0 84.0 88.0 a
816.0 11200.0 1364.0 156.0 ISJnday-to-Thursday
2244.0 11208.0 348.0 120.0 basis.
2732.0 11208.0 400.0 120.0 There

656.0 11372.0 616.0 132.0 abfcdlave
1312.0 11380.0 292.0 120.0 been
1644.0 11412.0 324.0 88.0 soma
2008.0 11380.0 688.0 148.0 "economy"
2740.0 11384.0 376.0 140.0 fares,

656.0 11560.0 148.0 112.0 at
908.0 11548.0 156.0 124.0 23
1328.0 11552.0 376.0 124.0 below
1800.0 11556.0 588.0 148.0 Jet-coach
2484.0 11560.0 360.0 140.0 rates,
2956.0 11592.0 164.0 88.0 on

652.0 11724.0 432.0 152.0 highly
1120.0 11728.0 748.0 148.0 competitive
1904.0 11736.0 436.0 116.0 routes.

816.0 11980.0 220.0 128.0 "In
1152.0 11988.0 204.0 120.0 the
1476.0 11992.0 348.0 136.0 main,
1948.0 11992.0 340.0 120.0 these
2400.0 11988.0 292.0 124.0 have
2812.0 11988.0 304.0 124.0 been

648.0 12156.0 600.0 160.0 attempts
1312.0 12168.0 132.0 116.0 to
1508.0 12172.0 220.0 140.0 tap
1788.0 12196.0 256.0 92.0 new
2104.0 12164.0 548.0 140.0 markets,
2724.0 12168.0 144.0 120.0 to
2932.0 12164.0 132.0 124.0 in-

648.0 12340.0 500.0 128.0 troduce
1244.0 12340.0 184.0 120.0 air
1520.0 12344.0 380.0 116.0 travel
1996.0 12344.0 128.0 116.0 to
2216.0 12336.0 652.0 152.0 categories
2964.0 12340.0 148.0 120.0 of

644.0 12516.0 420.0 144.0 people
1132.0 12516.0 264.0 112.0 who
1464.0 12516.0 304.0 116.0 have
1832.0 12520.0 216.0 116.0 not
2112.0 12516.0 360.0 120.0 flown
2536.0 12516.0 388.0 140.0 much,
2996.0 12516.0 112.0 116.0 if

644.0 12692.0 144.0 112.0 at
832.0 12640.0 204.0 172.0 ilL
1164.0 12688.0 276.0 124.0 Men
1492.0 12692.0 308.0 116.0 have
1848.0 12688.0 296.0 120.0 done
2192.0 12720.0 80.0 88.0 a
2324.0 12688.0 784.0 152.0 surprisingly

648.0 12864.0 344.0 148.0 large
1040.0 12860.0 356.0 128.0 share
1440.0 12860.0 144.0 124.0 of
1628.0 12860.0 208.0 120.0 the
1884.0 12860.0 292.0 120.0 total
2224.0 12860.0 396.0 120.0 airline
2668.0 12864.0 436.0 148.0 flying.

640.0 13040.0 268.0 116.0 The
964.0 13036.0 424.0 148.0 family
1444.0 13040.0 276.0 120.0 fare
1776.0 13068.0 248.0 92.0 was
2084.0 13036.0 544.0 152.0 designed
2684.0 13044.0 140.0 116.0 to
2892.0 13044.0 212.0 136.0 get

632.0 13240.0 472.0 92.0 women
1156.0 13212.0 244.0 120.0 and
1452.0 13212.0 516.0 124.0 children
2020.0 13216.0 128.0 116.0 to
2200.0 13216.0 184.0 148.0 fly
2432.0 13212.0 276.0 120.0 also.
2840.0 13216.0 260.0 116.0 The

628.0 13388.0 396.0 148.0 youth
1088.0 13384.0 268.0 124.0 fare
1420.0 13420.0 252.0 92.0 was
1740.0 13388.0 376.0 120.0 aimed
2180.0 13392.0 136.0 116.0 at
2384.0 13388.0 200.0 120.0 the
2644.0 13388.0 452.0 148.0 college

632.0 13596.0 160.0 84.0 an
940.0 13560.0 740.0 152.0 high-school
1740.0 13560.0 436.0 124.0 traffic.

792.0 13824.0 316.0 148.0 jJSut
1204.0 13824.0 212.0 116.0 the
1520.0 13824.0 368.0 148.0 youth
1988.0 13824.0 264.0 116.0 fare
2348.0 13820.0 512.0 148.0 brought
2964.0 13820.0 128.0 120.0 in

3268.0 10012.0 140.0 120.0 of
3488.0 10012.0 424.0 120.0 traffic
3992.0 10012.0 212.0 124.0 did
4284.0 10024.0 216.0 112.0 not
4576.0 10020.0 352.0 120.0 make
5012.0 10052.0 168.0 120.0 up
5264.0 10024.0 200.0 116.0 for
5544.0 10032.0 204.0 116.0 the

3268.0 10212.0 256.0 120.0 fact
3600.0 10216.0 284.0 116.0 that
3960.0 10216.0 216.0 120.0 the
4248.0 10216.0 472.0 124.0 airlines
4796.0 10256.0 316.0 84.0 were
5188.0 10228.0 560.0 148.0 carrying

3276.0 10412.0 352.0 120.0 those
3712.0 10420.0 408.0 148.0 people
4200.0 10452.0 332.0 92.0 more
4604.0 10424.0 532.0 148.0 cheaply.
5300.0 10432.0 160.0 112.0 So
5544.0 10432.0 204.0 116.0 the

3272.0 10584.0 232.0 124.0 last
3576.0 10592.0 148.0 120.0 of
3788.0 10592.0 200.0 120.0 the
4056.0 10592.0 152.0 120.0 11
4276.0 10596.0 184.0 116.0 air
4524.0 10600.0 500.0 120.0 carriers
5096.0 10604.0 272.0 120.0 that
5440.0 10608.0 304.0 116.0 tried

3268.0 10764.0 384.0 144.0 youth
3728.0 10764.0 320.0 124.0 fares
4352.0 10772.0 648.0 144.0 American,
5084.0 10780.0 352.0 116.0 TWA
5512.0 10784.0 228.0 116.0 and

3264.0 10940.0 356.0 116.0 Delta
3956.0 10976.0 216.0 88.0 are
4268.0 10944.0 396.0 152.0 giving
4760.0 10948.0 332.0 120.0 them
5192.0 10984.0 164.0 116.0 up
5452.0 10960.0 288.0 112.0 next

3264.0 11112.0 456.0 124.0 month.
3864.0 11116.0 628.0 124.0 American
4568.0 11124.0 252.0 120.0 also
4896.0 11120.0 112.0 124.0 is
5092.0 11124.0 408.0 144.0 giving
5580.0 11160.0 152.0 116.0 up

3260.0 11288.0 208.0 120.0 the
3548.0 11288.0 428.0 152.0 family
4056.0 11296.0 312.0 136.0 fare,
4452.0 11296.0 324.0 120.0 after
4856.0 11300.0 412.0 148.0 trying
5352.0 11304.0 104.0 116.0 it
5536.0 11304.0 200.0 116.0 for

3256.0 11464.0 328.0 148.0 quite
3628.0 11496.0 328.0 88.0 some
3996.0 11496.0 400.0 120.0 years.

3452.0 11728.0 400.0 120.0 There
3924.0 11760.0 212.0 88.0 are
4216.0 11764.0 328.0 88.0 some
4616.0 11764.0 264.0 88.0 new
4960.0 11736.0 564.0 144.0 bargains
5604.0 11740.0 124.0 116.0 in

3244.0 11928.0 572.0 96.0 overseas
3876.0 11900.0 192.0 124.0 air
4128.0 11908.0 420.0 136.0 travel,
4616.0 11908.0 392.0 120.0 where
5080.0 11912.0 208.0 120.0 the
5360.0 11916.0 368.0 144.0 profit

3244.0 12076.0 480.0 144.0 margin
3808.0 12076.0 224.0 124.0 has
4120.0 12076.0 300.0 124.0 been
4508.0 12080.0 392.0 148.0 larger
4992.0 12084.0 240.0 120.0 and
5320.0 12088.0 404.0 116.0 allows

3240.0 12280.0 332.0 92.0 soma
3716.0 12248.0 776.0 156.0 fare-cutting
4620.0 12260.0 136.0 116.0 to
4892.0 12264.0 216.0 136.0 get
5244.0 12272.0 476.0 132.0 greater

3240.0 12424.0 476.0 124.0 volume
3784.0 12424.0 496.0 124.0 without
4348.0 12432.0 388.0 120.0 undue
4804.0 12436.0 292.0 116.0 risk.
5248.0 12436.0 248.0 116.0 But
5568.0 12472.0 152.0 84.0 on

3236.0 12596.0 208.0 120.0 the
3496.0 12600.0 576.0 120.0 domestic
4128.0 12608.0 440.0 132.0 routes,
4624.0 12604.0 208.0 116.0 the
4888.0 12612.0 484.0 136.0 pattern
5428.0 12608.0 108.0 116.0 is
5588.0 12620.0 132.0 108.0 to

3232.0 12776.0 204.0 140.0 get
3512.0 12772.0 316.0 120.0 back
3892.0 12776.0 136.0 120.0 to
4100.0 12808.0 84.0 88.0 a
4256.0 12784.0 468.0 140.0 greater
4800.0 12780.0 708.0 148.0 uniformity
5584.0 12784.0 136.0 116.0 of

3228.0 12948.0 264.0 120.0 fare
3632.0 12952.0 644.0 120.0 structure.
4408.0 12952.0 780.0 132.0 Department
5320.0 12964.0 392.0 108.0 stores

3228.0 13148.0 276.0 120.0 may
3580.0 13120.0 452.0 152.0 always
4104.0 13124.0 268.0 120.0 find
4440.0 13124.0 104.0 120.0 it
4608.0 13128.0 900.0 152.0 advantageous
5580.0 13136.0 132.0 112.0 to

3228.0 13296.0 304.0 120.0 have
3580.0 13300.0 784.0 148.0 anniversary
4404.0 13304.0 348.0 136.0 sales,
4796.0 13300.0 432.0 148.0 golden
5272.0 13304.0 436.0 148.0 jubilee

3228.0 13468.0 600.0 148.0 bargains,
3872.0 13472.0 368.0 124.0 white
4280.0 13476.0 340.0 140.0 sales,
4672.0 13476.0 232.0 120.0 and
4956.0 13516.0 144.0 80.0 so
5148.0 13512.0 188.0 84.0 on.
5464.0 13480.0 240.0 116.0 But

3224.0 13648.0 484.0 116.0 airlines
3748.0 13680.0 316.0 84.0 seem
4112.0 13652.0 132.0 116.0 to
4284.0 13652.0 304.0 116.0 have
4628.0 13684.0 80.0 84.0 a
4752.0 13652.0 328.0 148.0 quite
5128.0 13656.0 572.0 116.0 different

3224.0 13824.0 956.0 148.0 merchandising
4232.0 13824.0 552.0 152.0 problem.

628.0 14248.0 932.0 356.0 Clear
1736.0 14252.0 784.0 344.0 Skies
2704.0 14272.0 548.0 320.0 For
3420.0 14276.0 1324.0 320.0 Business

6416.0 14132.0 364.0 140.0 'Hoiti
6880.0 14132.0 416.0 140.0 Would
7396.0 14136.0 272.0 140.0 You
7752.0 14136.0 276.0 136.0 Like
8124.0 14132.0 316.0 140.0 Cold
8544.0 14132.0 468.0 164.0 Turkey
9096.0 14132.0 232.0 140.0 For
9424.0 14132.0 240.0 140.0 The
9752.0 14128.0 560.0 168.0 Holiday,
10400.0 14124.0 516.0 144.0 Niklla?'

5840.0 14468.0 852.0 212.0 Readers'
6812.0 14480.0 528.0 200.0 Views

11700.0 6664.0 260.0 100.0 took
12068.0 6652.0 144.0 104.0 all
12316.0 6652.0 116.0 100.0 of
12528.0 6652.0 200.0 100.0 the
12832.0 6648.0 652.0 116.0 telephones

11696.0 6800.0 200.0 96.0 out
12000.0 6792.0 120.0 96.0 of
12232.0 6784.0 368.0 100.0 China.
12780.0 6784.0 180.0 108.0 No,
13072.0 6784.0 88.0 88.0 it
13268.0 6784.0 216.0 92.0 has

11696.0 6924.0 476.0 116.0 nothing
12252.0 6924.0 116.0 92.0 to
12444.0 6920.0 136.0 96.0 do
12664.0 6912.0 268.0 96.0 with
13008.0 6908.0 200.0 100.0 the
13288.0 6908.0 192.0 96.0 old

11692.0 7060.0 300.0 96.0 dime
12116.0 7048.0 512.0 120.0 problem.
12764.0 7048.0 180.0 96.0 It's
13068.0 7048.0 412.0 108.0 simply

11692.0 7188.0 252.0 96.0 that
12088.0 7184.0 308.0 100.0 there
12532.0 7192.0 196.0 80.0 are
12864.0 7192.0 124.0 80.0 so
13128.0 7188.0 352.0 100.0 many

11692.0 7320.0 372.0 112.0 Wings
12136.0 7312.0 220.0 96.0 and
12420.0 7312.0 400.0 104.0 Wongs
12888.0 7304.0 248.0 96.0 that
13204.0 7304.0 272.0 112.0 they

11692.0 7468.0 280.0 76.0 were
12092.0 7444.0 388.0 108.0 always
12596.0 7432.0 500.0 120.0 Winging
13212.0 7432.0 260.0 100.0 the

11680.0 7584.0 340.0 108.0 Wong
12088.0 7572.0 488.0 100.0 number.

13092.0 7720.0 12.0 16.0 '

11804.0 7880.0 652.0 104.0 SPEAKING
12520.0 7876.0 124.0 100.0 of
12712.0 7876.0 388.0 100.0 double
13172.0 7876.0 288.0 108.0 bills,

11688.0 8020.0 292.0 96.0 word
12092.0 8012.0 452.0 100.0 reached
12660.0 8032.0 136.0 76.0 us
12904.0 8012.0 244.0 96.0 that
13256.0 8012.0 200.0 92.0 the

11672.0 8152.0 572.0 112.0 Airway
12288.0 8140.0 804.0 120.0 neighborhood
13140.0 8140.0 272.0 96.0 thea-

11672.0 8292.0 172.0 92.0 ter
11988.0 8284.0 104.0 96.0 In
12248.0 8280.0 180.0 92.0 the
12568.0 8272.0 612.0 112.0 Highlands
13332.0 8272.0 116.0 92.0 in

11668.0 8412.0 568.0 104.0 Louisville
12328.0 8404.0 480.0 116.0 recently
12896.0 8404.0 544.0 92.0 featured:

11664.0 8548.0 316.0 92.0 "THE
12104.0 8536.0 552.0 104.0 PRIVATE
12780.0 8536.0 364.0 100.0 LIVES
13268.0 8532.0 180.0 92.0 OF

11664.0 8672.0 388.0 100.0 ADAM
12116.0 8672.0 268.0 92.0 AND
12448.0 8664.0 316.0 100.0 EVE"
12832.0 8668.0 208.0 96.0 and
13112.0 8664.0 328.0 96.0 "THE

11664.0 8804.0 668.0 100.0 PLEASURE
12436.0 8800.0 168.0 96.0 OF
12716.0 8796.0 276.0 100.0 HIS
13100.0 8792.0 296.0 100.0 COM-

11652.0 8932.0 444.0 104.0 PANY."
12136.0 8932.0 320.0 96.0 We're
12496.0 8928.0 204.0 96.0 not
12744.0 8928.0 208.0 112.0 hep
12988.0 8924.0 452.0 112.0 enough

11652.0 9092.0 144.0 72.0 on
11868.0 9068.0 196.0 100.0 the
12132.0 9060.0 396.0 100.0 movies
12596.0 9060.0 136.0 100.0 to
12800.0 9060.0 312.0 96.0 know
13180.0 9056.0 256.0 92.0 who

11648.0 9200.0 396.0 116.0 played
12128.0 9196.0 196.0 96.0 the
12404.0 9192.0 244.0 96.0 lead
12744.0 9184.0 116.0 100.0 In
12944.0 9192.0 192.0 96.0 the
13228.0 9188.0 176.0 96.0 lat-

11648.0 9332.0 172.0 96.0 ter
11904.0 9324.0 456.0 120.0 picture,
12444.0 9320.0 196.0 96.0 but
12736.0 9340.0 160.0 76.0 we
12980.0 9336.0 452.0 80.0 assume

11644.0 9460.0 92.0 100.0 it
11824.0 9476.0 224.0 80.0 was
12144.0 9460.0 196.0 92.0 the
12424.0 9448.0 480.0 120.0 serpent
12992.0 9452.0 104.0 92.0 If
13192.0 9448.0 236.0 112.0 not,

11664.0 9592.0 96.0 100.0 it
11864.0 9584.0 556.0 124.0 aerpently
12520.0 9604.0 236.0 76.0 was
12860.0 9600.0 140.0 80.0 an
13112.0 9596.0 276.0 80.0 over-

11652.0 9720.0 324.0 120.0 sight
11760.0 10060.0 376.0 100.0 HL'GO
12252.0 10052.0 604.0 108.0 VALERIO,
12956.0 10048.0 468.0 100.0 who's

11636.0 10212.0 260.0 84.0 seen
12028.0 10188.0 504.0 116.0 teaching
12664.0 10180.0 508.0 124.0 painting
13304.0 10184.0 120.0 92.0 at

11636.0 10324.0 520.0 100.0 Norwood
12252.0 10320.0 304.0 100.0 Tech,
12656.0 10336.0 248.0 96.0 says
12992.0 10332.0 212.0 76.0 one
13296.0 10308.0 124.0 96.0 of

11636.0 10460.0 172.0 96.0 his
11944.0 10452.0 360.0 116.0 pupils
12480.0 10452.0 260.0 88.0 Mrs.
12872.0 10440.0 548.0 112.0 Margaret

11640.0 10584.0 508.0 100.0 Scr-winn
12224.0 10584.0 116.0 96.0 of
12408.0 10580.0 520.0 96.0 Shawnee
12996.0 10572.0 292.0 100.0 Trail-

11640.0 10716.0 344.0 100.0 found
12084.0 10720.0 248.0 92.0 that
12424.0 10712.0 192.0 100.0 her
12716.0 10724.0 236.0 84.0 new
13048.0 10704.0 368.0 112.0 hobby

11640.0 10848.0 540.0 100.0 attracted
12308.0 10844.0 180.0 100.0 the
12624.0 10832.0 540.0 108.0 attention
13300.0 10832.0 120.0 100.0 of

11636.0 10984.0 192.0 100.0 the
11920.0 10976.0 852.0 116.0 neighbors.
12924.0 10972.0 232.0 96.0 One
13256.0 10984.0 120.0 80.0 re-

11636.0 11108.0 492.0 108.0 marked:
12220.0 11108.0 368.0 96.0 "Since
12676.0 11104.0 364.0 116.0 you've
13128.0 11100.0 288.0 96.0 been

11636.0 11244.0 388.0 116.0 taking
12100.0 11240.0 176.0 100.0 art
12344.0 11252.0 200.0 104.0 you
12624.0 11236.0 284.0 96.0 walk
12984.0 11232.0 436.0 100.0 around

11640.0 11376.0 216.0 100.0 like
11944.0 11376.0 368.0 116.0 you're
12392.0 11368.0 572.0 116.0 sketching
13048.0 11384.0 324.0 92.0 every-

11640.0 11508.0 320.0 116.0 thing
12012.0 11524.0 220.0 100.0 you
12288.0 11524.0 196.0 80.0 see.
12544.0 11500.0 348.0 96.0 When
12952.0 11516.0 188.0 84.0 are
13200.0 11512.0 216.0 100.0 you

11640.0 11640.0 324.0 120.0 going
12020.0 11640.0 120.0 96.0 to
12196.0 11640.0 184.0 92.0 cut
12432.0 11632.0 164.0 100.0 off
12652.0 11648.0 272.0 100.0 your
12972.0 11628.0 320.0 96.0 ear?"

11756.0 11772.0 328.0 108.0 "Oh,"
12192.0 11764.0 232.0 104.0 said
12524.0 11764.0 264.0 96.0 Mrs.
12896.0 11752.0 516.0 104.0 Schwlnn

11640.0 11900.0 464.0 116.0 quickly,
12212.0 11900.0 248.0 92.0 "I'm
12564.0 11896.0 212.0 96.0 not
12872.0 11896.0 244.0 96.0 that
13224.0 11892.0 148.0 96.0 ad-

11640.0 12024.0 520.0 108.0 vanced!"
11752.0 12168.0 92.0 96.0 A
11924.0 12160.0 432.0 104.0 remark
12428.0 12156.0 220.0 100.0 like
12728.0 12156.0 240.0 100.0 that
13044.0 12148.0 368.0 100.0 would

11632.0 12296.0 280.0 100.0 have
12020.0 12288.0 432.0 124.0 puzzled
12552.0 12308.0 140.0 80.0 us
12796.0 12308.0 144.0 92.0 up
13040.0 12288.0 372.0 116.0 pretty

11636.0 12424.0 304.0 120.0 good,
12032.0 12424.0 200.0 96.0 but
12320.0 12416.0 636.0 124.0 apparently
13040.0 12436.0 328.0 96.0 every-

11632.0 12580.0 208.0 76.0 one
11948.0 12560.0 392.0 108.0 except
12436.0 12572.0 128.0 80.0 us
12680.0 12552.0 368.0 96.0 knows
13156.0 12548.0 260.0 96.0 that

11636.0 12688.0 460.0 100.0 Vtncent
12164.0 12688.0 224.0 92.0 Van
12460.0 12680.0 352.0 112.0 Gogh,
12876.0 12680.0 188.0 100.0 the
13132.0 12680.0 244.0 96.0 cele-

11632.0 12820.0 384.0 100.0 brated
12116.0 12816.0 348.0 100.0 Dutch
12564.0 12812.0 460.0 116.0 painter,
13120.0 12824.0 292.0 80.0 was

11632.0 12948.0 536.0 120.0 mentally
12236.0 12944.0 116.0 104.0 ill
12424.0 12944.0 220.0 96.0 and
12724.0 12944.0 184.0 96.0 did
12972.0 12944.0 196.0 100.0 cut
13240.0 12936.0 172.0 100.0 off

11632.0 13104.0 212.0 76.0 one
11912.0 13080.0 116.0 96.0 of
12096.0 13076.0 180.0 100.0 his
12336.0 13092.0 260.0 84.0 ears.

11752.0 13216.0 304.0 116.0 Keep
12208.0 13208.0 184.0 100.0 the
12536.0 13204.0 416.0 120.0 cutlery
13104.0 13220.0 304.0 96.0 away

11632.0 13344.0 284.0 100.0 from
12016.0 13340.0 500.0 100.0 Salvador
12608.0 13336.0 240.0 96.0 Dali
12968.0 13332.0 200.0 104.0 but
13260.0 13336.0 148.0 96.0 he

11628.0 13476.0 448.0 100.0 COULD
12164.0 13472.0 316.0 108.0 stand
12576.0 13488.0 64.0 80.0 a
12740.0 13468.0 268.0 100.0 little
13096.0 13464.0 268.0 100.0 trim-

11628.0 13608.0 308.0 116.0 ming
12000.0 13624.0 144.0 84.0 on
12212.0 13604.0 164.0 96.0 his
12432.0 13600.0 596.0 100.0 mustache.

11752.0 13892.0 200.0 100.0 WE
12064.0 13888.0 436.0 100.0 DIDN'T
12608.0 13888.0 388.0 100.0 realize
13108.0 13884.0 292.0 100.0 until

11632.0 14020.0 484.0 116.0 recently
12224.0 14024.0 228.0 96.0 how
12552.0 14020.0 344.0 96.0 much
12996.0 14032.0 412.0 96.0 money

11632.0 14160.0 308.0 96.0 there
12028.0 14152.0 96.0 100.0 Is
12212.0 14156.0 116.0 100.0 In
12408.0 14148.0 520.0 120.0 painting.
13080.0 14144.0 328.0 100.0 What

13612.0 6696.0 224.0 84.0 was
13900.0 6672.0 92.0 104.0 It
14104.0 6668.0 216.0 120.0 $2.3
14380.0 6660.0 416.0 108.0 million
14856.0 6664.0 176.0 104.0 for
15088.0 6668.0 248.0 100.0 Rem-

13612.0 6804.0 496.0 104.0 brandt's
14160.0 6796.0 504.0 128.0 painting
14716.0 6796.0 116.0 100.0 of
14884.0 6800.0 496.0 100.0 Aristotle

13612.0 6932.0 880.0 124.0 contemplating
14596.0 6928.0 200.0 104.0 the
14908.0 6928.0 260.0 108.0 bust
15268.0 6932.0 112.0 96.0 of

13604.0 7068.0 468.0 108.0 Homer?
14144.0 7164.0 12.0 16.0 .

13728.0 7224.0 308.0 112.0 Well,
14136.0 7224.0 200.0 100.0 the
14428.0 7212.0 416.0 112.0 exhibit
14940.0 7216.0 124.0 104.0 of
15160.0 7220.0 180.0 100.0 out-

13600.0 7360.0 540.0 120.0 standing
14284.0 7352.0 476.0 124.0 pictures
14900.0 7344.0 124.0 104.0 In
15160.0 7352.0 220.0 100.0 The

13604.0 7488.0 628.0 120.0 Enquirer's
14284.0 7484.0 332.0 124.0 photo
14664.0 7500.0 316.0 80.0 room
15028.0 7484.0 320.0 104.0 (most-

13600.0 7628.0 112.0 112.0 ly
13792.0 7632.0 192.0 92.0 too
14068.0 7640.0 264.0 100.0 gory
14408.0 7632.0 124.0 84.0 or
14608.0 7612.0 536.0 120.0 pin-uppy
15216.0 7612.0 164.0 100.0 for

13596.0 7756.0 732.0 116.0 publication)
14408.0 7740.0 492.0 112.0 includes
14984.0 7764.0 208.0 80.0 one
15268.0 7744.0 112.0 100.0 of

13600.0 7884.0 296.0 100.0 Gina
14008.0 7876.0 756.0 120.0 .Lollobrigida
14908.0 7880.0 428.0 92.0 contem-

13596.0 8016.0 440.0 116.0 plating
14144.0 8016.0 200.0 96.0 the
14456.0 8012.0 252.0 100.0 bust
14812.0 8004.0 120.0 104.0 of
15048.0 8008.0 324.0 112.0 Jayne

13596.0 8140.0 840.0 104.0 Mansfield
14528.0 8140.0 248.0 100.0 that
14868.0 8140.0 508.0 116.0 probably

13592.0 8276.0 372.0 100.0 would
14024.0 8276.0 324.0 116.0 bring
14404.0 8292.0 300.0 80.0 more
14768.0 8268.0 116.0 100.0 at
14948.0 8264.0 424.0 104.0 auction

13592.0 8408.0 92.0 100.0 If
13784.0 8412.0 92.0 96.0 it
13976.0 8412.0 224.0 96.0 had
14308.0 8408.0 268.0 96.0 been
14676.0 8400.0 456.0 120.0 painted
15228.0 8400.0 100.0 96.0 in-

13592.0 8540.0 320.0 104.0 stead
14000.0 8540.0 120.0 96.0 of
14212.0 8532.0 860.0 124.0 photographed,
15168.0 8532.0 200.0 96.0 and

13592.0 8672.0 196.0 96.0 the
13848.0 8688.0 216.0 104.0 guy
14112.0 8672.0 252.0 96.0 who
14416.0 8668.0 248.0 100.0 took
14720.0 8668.0 188.0 96.0 the
14964.0 8656.0 404.0 128.0 picture

13588.0 8804.0 228.0 96.0 had
13888.0 8796.0 220.0 104.0 had
14176.0 8800.0 200.0 100.0 the
14440.0 8792.0 528.0 116.0 foresight
15032.0 8796.0 112.0 96.0 to
15208.0 8792.0 160.0 100.0 die

13588.0 8928.0 384.0 104.0 before
14056.0 8932.0 200.0 100.0 the
14348.0 8928.0 252.0 100.0 sale.
14692.0 8924.0 512.0 116.0 Anyhow,
15292.0 8924.0 80.0 100.0 It

13584.0 9080.0 228.0 80.0 was
13876.0 9080.0 64.0 80.0 a
13996.0 9052.0 424.0 108.0 classic.
14472.0 9056.0 228.0 100.0 The
14756.0 9056.0 216.0 96.0 two
15028.0 9060.0 340.0 96.0 movie

13580.0 9212.0 428.0 96.0 queens
14136.0 9212.0 288.0 76.0 were
14548.0 9188.0 820.0 120.0 photographed

13584.0 9328.0 116.0 96.0 at
13752.0 9340.0 312.0 84.0 some
14108.0 9312.0 408.0 128.0 special
14564.0 9320.0 540.0 116.0 function,
15156.0 9324.0 208.0 96.0 and

13572.0 9456.0 308.0 100.0 Gina
13948.0 9472.0 228.0 88.0 was
14252.0 9448.0 436.0 120.0 looking
14760.0 9452.0 320.0 100.0 down
15156.0 9448.0 208.0 100.0 and

13576.0 9608.0 268.0 80.0 over
13960.0 9588.0 120.0 96.0 at
14188.0 9584.0 348.0 112.0 Jayne
14644.0 9580.0 200.0 100.0 out
14956.0 9576.0 120.0 104.0 of
15180.0 9580.0 180.0 100.0 the

13588.0 9736.0 404.0 80.0 corner
14100.0 9716.0 128.0 100.0 of
14344.0 9712.0 204.0 100.0 her
14656.0 9732.0 228.0 96.0 eye,
15004.0 9708.0 348.0 104.0 whilst

13572.0 9852.0 360.0 108.0 Jayne
14020.0 9864.0 232.0 80.0 was
14340.0 9836.0 752.0 120.0 endangering
15176.0 9844.0 180.0 96.0 the

13572.0 9984.0 224.0 92.0 salt
13892.0 9984.0 116.0 100.0 at
14096.0 9980.0 200.0 96.0 the
14388.0 9976.0 172.0 100.0 far
14644.0 9972.0 232.0 104.0 side
14968.0 9972.0 120.0 104.0 of
15176.0 9972.0 176.0 104.0 the

13556.0 10112.0 336.0 96.0 table.

13688.0 10296.0 192.0 100.0 It's
13944.0 10316.0 64.0 76.0 a
14072.0 10292.0 280.0 120.0 good
14416.0 10292.0 312.0 120.0 thing
14792.0 10292.0 196.0 96.0 Mr.
15052.0 10292.0 252.0 96.0 Rem-

13568.0 10456.0 412.0 100.0 brandt
14088.0 10448.0 352.0 104.0 didn't
14544.0 10452.0 168.0 112.0 try
14820.0 10448.0 116.0 96.0 to
15048.0 10444.0 296.0 124.0 paint

13564.0 10612.0 256.0 100.0 that
13912.0 10632.0 360.0 76.0 scene.
14364.0 10608.0 248.0 96.0 He'd
14708.0 10604.0 128.0 96.0 be
14924.0 10624.0 68.0 76.0 a
15080.0 10608.0 260.0 96.0 dead

13556.0 10796.0 264.0 72.0 man
13892.0 10772.0 328.0 116.0 today
14288.0 10764.0 84.0 100.0 if
14432.0 10764.0 232.0 96.0 he'd
14736.0 10760.0 308.0 100.0 tried.

13616.0 11248.0 1504.0 784.0 Baa

13664.0 12252.0 596.0 100.0 NATIONS
14336.0 12244.0 668.0 120.0 throughout
15076.0 12240.0 228.0 100.0 thi

13544.0 12412.0 344.0 96.0 world
13940.0 12428.0 184.0 84.0 are
14176.0 12404.0 500.0 120.0 learning
14712.0 12404.0 256.0 140.0 ,that
15016.0 12400.0 248.0 100.0 Com-

13544.0 12568.0 496.0 96.0 munism
14156.0 12564.0 104.0 100.0 Is
14376.0 12556.0 616.0 116.0 something
15108.0 12568.0 196.0 104.0 you

13540.0 12728.0 520.0 96.0 welcome
14160.0 12720.0 268.0 100.0 with
14524.0 12736.0 284.0 100.0 open
14908.0 12728.0 288.0 80.0 arms

13548.0 12884.0 220.0 100.0 and
13820.0 12884.0 272.0 96.0 then
14144.0 12876.0 244.0 100.0 find
14436.0 12880.0 188.0 92.0 out
14668.0 12888.0 208.0 104.0 you
14928.0 12860.0 376.0 112.0 should

13540.0 13040.0 284.0 100.0 have
13884.0 13032.0 268.0 108.0 used
14208.0 13032.0 320.0 108.0 small
14584.0 13044.0 320.0 88.0 arms.

13660.0 13256.0 324.0 96.0 From
14052.0 13252.0 196.0 96.0 the
14316.0 13268.0 224.0 92.0 way
14604.0 13236.0 372.0 116.0 things
15044.0 13232.0 260.0 100.0 have

13548.0 13384.0 280.0 96.0 been
13944.0 13376.0 452.0 124.0 going
14500.0 13372.0 512.0 112.0 recently,
15116.0 13368.0 172.0 92.0 the

13536.0 13516.0 376.0 108.0 Congo
14052.0 13508.0 92.0 100.0 Is
14296.0 13512.0 184.0 92.0 the
14616.0 13512.0 688.0 88.0 never-never

13540.0 13648.0 296.0 96.0 land.

13656.0 13828.0 104.0 100.0 If
13828.0 13852.0 68.0 80.0 a
13956.0 13848.0 432.0 80.0 woman
14452.0 13824.0 92.0 104.0 Is
14604.0 13844.0 148.0 76.0 an
14820.0 13816.0 312.0 120.0 angel
15196.0 13808.0 104.0 108.0 In

13532.0 13988.0 516.0 116.0 disguise,
14128.0 13984.0 200.0 100.0 the
14408.0 13976.0 472.0 120.0 disguise
14964.0 13988.0 340.0 88.0 seems

13536.0 14144.0 116.0 104.0 to
13708.0 14144.0 140.0 100.0 be
13912.0 14140.0 448.0 124.0 perfect.

792.0 14760.0 376.0 184.0 ;THB
1240.0 14768.0 516.0 120.0 SHARP
1832.0 14768.0 628.0 120.0 UPTURN
2528.0 14764.0 120.0 124.0 in
2724.0 14768.0 360.0 120.0 retail

604.0 14964.0 344.0 136.0 sales
1000.0 14964.0 124.0 120.0 in
1184.0 14968.0 516.0 120.0 October
1756.0 14964.0 108.0 120.0 is
1924.0 14968.0 508.0 148.0 perhaps
2488.0 14968.0 204.0 120.0 the
2752.0 14976.0 332.0 116.0 most

600.0 15160.0 564.0 124.0 welcome
1244.0 15164.0 136.0 120.0 of
1460.0 15200.0 364.0 120.0 many
1896.0 15168.0 772.0 152.0 encouraging
2752.0 15168.0 268.0 120.0 busi-

600.0 15388.0 300.0 120.0 ness
944.0 15368.0 668.0 120.0 indicators.
1660.0 15372.0 188.0 120.0 All
1888.0 15372.0 512.0 148.0 through
2440.0 15376.0 200.0 120.0 the
2680.0 15404.0 348.0 92.0 reces-

596.0 15548.0 300.0 128.0 sion
908.0 15528.0 168.0 140.0 'of
1128.0 15544.0 296.0 120.0 1960
1480.0 15548.0 240.0 116.0 and
1776.0 15548.0 292.0 120.0 until
2128.0 15548.0 392.0 144.0 lately,
2576.0 15544.0 500.0 152.0 savings

588.0 15724.0 348.0 116.0 havS
992.0 15720.0 296.0 120.0 been
1356.0 15720.0 888.0 148.0 accumulating.
2316.0 15724.0 240.0 116.0 The
2624.0 15724.0 452.0 148.0 typical

3212.0 14768.0 340.0 116.0 there
3612.0 14764.0 120.0 120.0 is
3784.0 14768.0 380.0 120.0 added
4220.0 14768.0 208.0 120.0 the
4480.0 14772.0 552.0 120.0 stimulus
5088.0 14768.0 144.0 124.0 of
5280.0 14804.0 80.0 88.0 a
5420.0 14808.0 216.0 84.0 con-

3208.0 14940.0 600.0 148.0 siderably
3852.0 14940.0 556.0 148.0 enlarged
4452.0 14960.0 768.0 132.0 government
5264.0 14956.0 372.0 140.0 spend-

3208.0 15112.0 200.0 144.0 ing
3468.0 15144.0 596.0 116.0 program.
4212.0 15124.0 248.0 116.0 The
4524.0 15128.0 336.0 140.0 great
4928.0 15120.0 284.0 120.0 bulk
5276.0 15128.0 140.0 116.0 of
5480.0 15132.0 204.0 112.0 the

3204.0 15288.0 536.0 120.0 increase
3800.0 15288.0 104.0 120.0 is
3964.0 15288.0 128.0 120.0 in
4156.0 15292.0 212.0 120.0 the
4428.0 15296.0 476.0 120.0 defense
4972.0 15292.0 320.0 124.0 field.
5444.0 15304.0 236.0 116.0 But

3200.0 15496.0 140.0 84.0 so
3428.0 15464.0 472.0 120.0 diverse
3988.0 15500.0 216.0 88.0 are
4296.0 15468.0 208.0 116.0 the
4592.0 15468.0 856.0 152.0 requirements
5544.0 15480.0 132.0 112.0 of

3208.0 15636.0 200.0 120.0 the
3456.0 15640.0 624.0 144.0 Pentagon
4124.0 15644.0 660.0 148.0 nowadays,
4836.0 15648.0 436.0 116.0 almost
5320.0 15684.0 356.0 116.0 every

592.0 15912.0 640.0 104.0 consumer
1288.0 15928.0 248.0 84.0 was
1592.0 15896.0 480.0 148.0 holding
2124.0 15896.0 336.0 140.0 back,
2516.0 15896.0 560.0 148.0 avoiding
3200.0 15988.0 32.0 64.0 ,
3744.0 15880.0 120.0 52.0 Ul
3948.0 15880.0 96.0 52.0 u
4248.0 15880.0 480.0 92.0 wuuuy
4832.0 15880.0 224.0 60.0 wui
5208.0 15880.0 168.0 64.0 ra
5476.0 15880.0 80.0 64.0 u

584.0 16056.0 896.0 132.0 conlsaitments
1556.0 16072.0 272.0 120.0 that
1900.0 16072.0 340.0 120.0 could
2316.0 16072.0 148.0 116.0 be
2536.0 16072.0 528.0 136.0 delayed.
4208.0 16020.0 160.0 92.0 "
4416.0 15996.0 740.0 144.0 a5tomshlnS
5204.0 16012.0 464.0 136.0 vanety

6112.0 14828.0 1404.0 332.0 'Welfare
7672.0 14820.0 1264.0 332.0 Worker
9088.0 14836.0 1204.0 316.0 Cannot
10440.0 14836.0 1484.0 408.0 Separate
12088.0 14800.0 1176.0 336.0 Mother
13404.0 14812.0 804.0 316.0 From
14376.0 14772.0 912.0 344.0 Child1

2536.0 16072.0 528.0 152.0 delayed.

584.0 16248.0 308.0 124.0 This
940.0 16248.0 352.0 116.0 mood
1344.0 16240.0 596.0 156.0 evidently
1988.0 16248.0 104.0 120.0 is
2144.0 16248.0 608.0 148.0 changing.

824.0 16508.0 676.0 136.0 Meantime,
1528.0 16540.0 264.0 88.0 new
1832.0 16504.0 700.0 124.0 investment
2568.0 16512.0 124.0 116.0 in
2720.0 16508.0 344.0 148.0 plant

580.0 16684.0 260.0 124.0 and
864.0 16684.0 744.0 148.0 "equipment
1696.0 16684.0 108.0 116.0 is
1888.0 16716.0 160.0 88.0 on
2128.0 16688.0 216.0 112.0 the
2428.0 16684.0 284.0 140.0 rise;
2812.0 16684.0 252.0 120.0 and

576.0 16856.0 784.0 152.0 preliminary
1424.0 16888.0 500.0 116.0 surveys
1992.0 16864.0 492.0 140.0 suggest
2540.0 16860.0 276.0 116.0 that
2884.0 16856.0 124.0 120.0 in-

572.0 17032.0 456.0 144.0 duafiy
1096.0 17032.0 236.0 120.0 will
1408.0 17032.0 152.0 116.0 be
1632.0 17028.0 400.0 152.0 laying
2096.0 17040.0 216.0 112.0 out
2384.0 17028.0 676.0 152.0 something

572.0 17196.0 312.0 128.0 likat
940.0 17208.0 224.0 140.0 $10
1272.0 17204.0 396.0 124.0 billion
1776.0 17208.0 196.0 116.0 for
2072.0 17208.0 628.0 144.0 expansion
2812.0 17208.0 244.0 120.0 and

568.0 17380.0 940.0 124.0 modernization
1608.0 17412.0 148.0 88.0 or
1844.0 17412.0 252.0 88.0 new
2188.0 17380.0 360.0 148.0 plant
2720.0 17384.0 328.0 136.0 This,

568.0 17560.0 148.0 116.0 of
792.0 17588.0 464.0 108.0 course,
1336.0 17552.0 236.0 124.0 will
1644.0 17556.0 348.0 120.0 make
2064.0 17552.0 332.0 124.0 itself
2468.0 17556.0 216.0 120.0 felt
2764.0 17556.0 128.0 120.0 in
2972.0 17592.0 80.0 84.0 a

564.0 17728.0 744.0 156.0 substantial
1420.0 17736.0 440.0 144.0 upturn
1972.0 17732.0 120.0 120.0 in
2208.0 17728.0 836.0 128.0 construction.

560.0 17908.0 740.0 148.0 Ind&ations
1360.0 17940.0 212.0 88.0 are
1632.0 17908.0 272.0 116.0 that
1956.0 17900.0 652.0 124.0 residential
2668.0 17904.0 324.0 120.0 build-

556.0 18084.0 240.0 148.0 ing
836.0 18084.0 268.0 128.0 ?will
1188.0 18080.0 536.0 120.0 increase
1804.0 18112.0 288.0 88.0 even
2176.0 18112.0 324.0 92.0 more
2576.0 18084.0 468.0 148.0 rapidly

552.0 18260.0 328.0 124.0 than
924.0 18260.0 484.0 144.0 factory
1460.0 18252.0 832.0 124.0 construction.

5932.0 15296.0 272.0 100.0 THE
6312.0 15300.0 576.0 96.0 ARTICLE
6992.0 15296.0 132.0 120.0 by
7224.0 15300.0 384.0 96.0 James

5796.0 15448.0 488.0 116.0 Devane,
6420.0 15452.0 264.0 100.0 "Aid
6828.0 15456.0 116.0 96.0 to
7080.0 15456.0 524.0 100.0 Unwed

5800.0 15608.0 500.0 100.0 Mothers
6400.0 15608.0 752.0 116.0 Encouraging
7248.0 15612.0 316.0 112.0 Illegi-

5796.0 15764.0 544.0 120.0 timacy?"
6412.0 15764.0 112.0 100.0 in
6600.0 15768.0 200.0 96.0 the
6876.0 15768.0 592.0 100.0 November
7552.0 15772.0 44.0 96.0 1

5792.0 15920.0 312.0 104.0 issue
6196.0 15920.0 120.0 100.0 of
6404.0 15924.0 228.0 100.0 The
6736.0 15924.0 512.0 116.0 Enquirer
7344.0 15932.0 256.0 96.0 (one

5788.0 16076.0 132.0 96.0 of
5976.0 16096.0 68.0 80.0 a
6100.0 16080.0 392.0 112.0 series),
6544.0 16080.0 396.0 100.0 stands
6992.0 16080.0 180.0 100.0 out
7220.0 16076.0 120.0 100.0 In
7396.0 16084.0 204.0 96.0 the

5788.0 16232.0 392.0 100.0 welter
6264.0 16236.0 120.0 96.0 of
6472.0 16236.0 708.0 100.0 anti-welfare
7268.0 16252.0 288.0 104.0 prop-

5792.0 16388.0 448.0 120.0 aganda
6288.0 16392.0 120.0 100.0 of
6452.0 16392.0 388.0 96.0 recent
6888.0 16396.0 464.0 96.0 months.

5916.0 16548.0 240.0 100.0 The
6232.0 16564.0 256.0 100.0 very
6560.0 16548.0 284.0 112.0 title,
6920.0 16548.0 336.0 96.0 which
7340.0 16572.0 212.0 92.0 sug-

5788.0 16684.0 312.0 104.0 gests
6208.0 16676.0 248.0 100.0 that
6564.0 16696.0 432.0 80.0 women
7100.0 16696.0 180.0 84.0 are
7400.0 16700.0 152.0 76.0 en-

5780.0 16808.0 564.0 116.0 couraged
6444.0 16804.0 136.0 116.0 by
6684.0 16812.0 200.0 96.0 the
6984.0 16808.0 248.0 100.0 ADC
7336.0 16828.0 216.0 100.0 pro-

5780.0 16956.0 340.0 92.0 gram
6244.0 16940.0 116.0 96.0 to
6492.0 16936.0 288.0 100.0 have
6916.0 16932.0 676.0 120.0 Illegitimate

5776.0 17068.0 548.0 112.0 children,
6372.0 17068.0 96.0 96.0 Is
6524.0 17064.0 608.0 100.0 ridiculous.
7188.0 17072.0 52.0 96.0 I
7292.0 17068.0 296.0 100.0 have

5776.0 17196.0 500.0 84.0 rhprlcM
6348.0 17196.0 260.0 84.0 with
6680.0 17200.0 200.0 80.0 the
6948.0 17200.0 224.0 80.0 Stat
7308.0 17200.0 280.0 80.0 Wpl-

3184.0 17296.0 132.0 116.0 of
3360.0 17296.0 304.0 120.0 1961
3716.0 17296.0 216.0 116.0 has
3980.0 17300.0 300.0 120.0 been
4332.0 17336.0 76.0 84.0 a
4452.0 17300.0 396.0 152.0 period
4900.0 17308.0 140.0 112.0 of
5092.0 17340.0 560.0 116.0 recovery
5776.0 17328.0 256.0 96.0 fare
6152.0 17328.0 728.0 116.0 Department
6996.0 17328.0 212.0 96.0 and
7328.0 17328.0 256.0 96.0 find

3196.0 16164.0 132.0 116.0 of
3372.0 16164.0 684.0 120.0 industries.

3408.0 16424.0 344.0 116.0 Thus
3808.0 16424.0 156.0 120.0 all
4024.0 16424.0 348.0 120.0 three
4428.0 16428.0 136.0 120.0 of
4620.0 16432.0 204.0 116.0 the
4888.0 16428.0 332.0 120.0 basic
5284.0 16432.0 336.0 148.0 ingre-

3192.0 16596.0 392.0 120.0 dients
3636.0 16600.0 132.0 116.0 in
3812.0 16600.0 204.0 152.0 fhe
4068.0 16600.0 528.0 128.0 national
4644.0 16636.0 572.0 116.0 economy
5268.0 16612.0 396.0 116.0 reveal

3188.0 16804.0 156.0 84.0 an
3396.0 16776.0 496.0 140.0 upward
3948.0 16776.0 360.0 120.0 trend
4568.0 16812.0 616.0 84.0 consumer
5244.0 16788.0 364.0 144.0 spend-

3184.0 16948.0 232.0 144.0 ing,
3528.0 16948.0 544.0 120.0 business
4176.0 16952.0 744.0 136.0 investment,
5036.0 16956.0 232.0 116.0 and
5376.0 16992.0 232.0 112.0 gov

3188.0 17128.0 548.0 112.0 ernment
3828.0 17128.0 784.0 140.0 expenditure.
4796.0 17132.0 604.0 144.0 Virtually
5500.0 17136.0 152.0 112.0 all

3180.0 17472.0 308.0 116.0 from
3544.0 17476.0 596.0 120.0 economic
4196.0 17480.0 612.0 120.0 recession.
4948.0 17484.0 116.0 116.0 It
5116.0 17484.0 108.0 112.0 is
5280.0 17516.0 72.0 84.0 a
5412.0 17484.0 236.0 116.0 fair

3176.0 17676.0 388.0 112.0 guess,
3640.0 17684.0 156.0 84.0 on
3864.0 17648.0 208.0 120.0 the
4136.0 17652.0 540.0 120.0 evidence
4744.0 17664.0 132.0 108.0 at
4944.0 17656.0 356.0 140.0 hand,
5372.0 17660.0 276.0 120.0 that

3176.0 17820.0 288.0 120.0 1962
3564.0 17824.0 240.0 116.0 will
3896.0 17856.0 372.0 120.0 prove
4360.0 17832.0 132.0 116.0 to
4584.0 17832.0 144.0 112.0 be
4824.0 17864.0 80.0 84.0 a
5000.0 17832.0 416.0 148.0 period
5512.0 17836.0 136.0 112.0 of

3172.0 17996.0 612.0 120.0 sustained
3824.0 18004.0 496.0 144.0 activity
4360.0 18012.0 132.0 108.0 at
4532.0 18036.0 72.0 88.0 a
4640.0 18036.0 292.0 116.0 very
4972.0 18008.0 292.0 144.0 high
5308.0 18008.0 316.0 120.0 level,

5772.0 17460.0 268.0 96.0 that
6172.0 17460.0 192.0 96.0 the
6492.0 17456.0 460.0 96.0 current
7072.0 17460.0 512.0 112.0 monthly

5776.0 17584.0 344.0 116.0 grant
6160.0 17588.0 172.0 96.0 for
6372.0 17600.0 64.0 84.0 a
6480.0 17588.0 520.0 96.0 newborn
7040.0 17584.0 324.0 116.0 child,
7412.0 17608.0 124.0 76.0 as

5768.0 17716.0 460.0 116.0 suming
6296.0 17716.0 192.0 96.0 the
6556.0 17716.0 444.0 96.0 mother
7068.0 17716.0 212.0 96.0 and
7356.0 17736.0 224.0 76.0 one

5768.0 17852.0 340.0 92.0 other
6184.0 17844.0 296.0 100.0 child
6560.0 17844.0 124.0 100.0 in
6768.0 17844.0 192.0 100.0 the
7036.0 17844.0 356.0 116.0 home,
7480.0 17844.0 100.0 100.0 is

5764.0 17976.0 380.0 108.0 $20.50.

5892.0 18104.0 112.0 100.0 If
6088.0 18104.0 196.0 96.0 the
6368.0 18100.0 408.0 124.0 typical
6864.0 18104.0 256.0 96.0 ADC
7200.0 18108.0 328.0 92.0 moth

5760.0 18240.0 224.0 92.0 er's
6040.0 18236.0 408.0 96.0 morals
6504.0 18252.0 192.0 80.0 are
6756.0 18252.0 128.0 76.0 as
6940.0 18236.0 192.0 92.0 low
7184.0 18252.0 124.0 76.0 as
7368.0 18240.0 204.0 88.0 the

7732.0 15312.0 144.0 80.0 no
7948.0 15296.0 492.0 116.0 position
8516.0 15296.0 120.0 96.0 to
8716.0 15296.0 448.0 116.0 suggest
9236.0 15300.0 312.0 96.0 these

7732.0 15452.0 524.0 116.0 changes.

7852.0 15608.0 264.0 96.0 How
8284.0 15604.0 488.0 100.0 familiar
8924.0 15624.0 212.0 76.0 can
9296.0 15604.0 248.0 100.0 Mrs.

7728.0 15736.0 448.0 96.0 Holmes
8260.0 15732.0 136.0 100.0 be
8472.0 15736.0 268.0 96.0 with
8816.0 15736.0 192.0 96.0 the
9088.0 15756.0 452.0 92.0 average

7720.0 15868.0 268.0 96.0 ADC
8096.0 15868.0 452.0 92.0 mother
8652.0 15868.0 324.0 92.0 when
9080.0 15868.0 200.0 96.0 she
9384.0 15872.0 116.0 88.0 at-

7724.0 15996.0 476.0 96.0 tributes
8280.0 15996.0 120.0 96.0 to
8476.0 15996.0 316.0 96.0 them
8872.0 15996.0 192.0 96.0 the
9148.0 16016.0 356.0 96.0 sweep-

7724.0 16124.0 184.0 112.0 ing
8064.0 16128.0 668.0 108.0 derogatory
8888.0 16124.0 608.0 112.0 generaliza-

7720.0 16256.0 292.0 92.0 tions
8080.0 16252.0 608.0 100.0 contained
8756.0 16248.0 116.0 100.0 in
8944.0 16256.0 204.0 92.0 her
9212.0 16260.0 284.0 92.0 state-

7720.0 16388.0 368.0 92.0 ments
8156.0 16380.0 128.0 96.0 In
8344.0 16384.0 192.0 96.0 the
8608.0 16384.0 440.0 96.0 article?

7840.0 16516.0 100.0 92.0 It
8036.0 16512.0 100.0 92.0 is
8240.0 16516.0 204.0 92.0 not
8532.0 16512.0 204.0 96.0 the
8832.0 16512.0 276.0 96.0 ADC
9204.0 16512.0 328.0 96.0 office

7716.0 16640.0 248.0 96.0 that
8052.0 16640.0 224.0 96.0 has
8364.0 16640.0 192.0 96.0 the
8656.0 16640.0 280.0 112.0 legal
9032.0 16640.0 300.0 112.0 right
9416.0 16648.0 140.0 92.0 to'

7716.0 16768.0 252.0 96.0 take
8016.0 16768.0 520.0 96.0 children
8584.0 16768.0 292.0 96.0 from
8928.0 16772.0 196.0 92.0 the
9176.0 16776.0 356.0 108.0 home,

7716.0 16916.0 120.0 76.0 as
7888.0 16896.0 204.0 100.0 she
8152.0 16896.0 384.0 112.0 Infers,
8592.0 16900.0 204.0 92.0 but
8844.0 16900.0 360.0 108.0 Judge
9260.0 16904.0 224.0 92.0 Ben-

7712.0 17024.0 352.0 116.0 jamin
8096.0 17024.0 608.0 104.0 Schwartz.
8752.0 17028.0 252.0 92.0 Mrs.
9056.0 17028.0 472.0 96.0 Holmes'

7712.0 17152.0 276.0 104.0 boss,
8088.0 17156.0 260.0 96.0 who
8448.0 17156.0 388.0 96.0 makes
8932.0 17156.0 320.0 100.0 these
9352.0 17156.0 136.0 96.0 de-

7712.0 17284.0 432.0 92.0 cisions.
7824.0 17436.0 100.0 96.0 It
7988.0 17436.0 96.0 96.0 is
8148.0 17436.0 208.0 100.0 not
8420.0 17436.0 192.0 96.0 the
8680.0 17436.0 444.0 100.0 welfare
9188.0 17440.0 292.0 96.0 work-

7708.0 17584.0 144.0 88.0 er,
7952.0 17568.0 380.0 92.0 whom
8436.0 17568.0 256.0 96.0 Mrs.
8796.0 17568.0 444.0 96.0 Holmes
9348.0 17568.0 132.0 96.0 de-

7704.0 17692.0 408.0 100.0 scribes
8200.0 17716.0 128.0 76.0 as
8412.0 17712.0 68.0 80.0 a
8560.0 17696.0 332.0 108.0 clerk,
8976.0 17700.0 256.0 96.0 that
9308.0 17716.0 212.0 80.0 can

7700.0 17828.0 516.0 112.0 separate
8276.0 17828.0 192.0 96.0 the
8532.0 17832.0 444.0 92.0 mother
9036.0 17828.0 224.0 96.0 and
9320.0 17828.0 204.0 96.0 her

7696.0 17956.0 544.0 112.0 children,
8368.0 17956.0 200.0 96.0 but
8692.0 17960.0 252.0 92.0 Mrs.
9076.0 17960.0 440.0 92.0 Holmes

7700.0 18084.0 220.0 96.0 and
7976.0 18084.0 216.0 96.0 her
8248.0 18084.0 624.0 104.0 colleagues
8924.0 18088.0 260.0 96.0 that
9240.0 18088.0 276.0 100.0 have

7700.0 18232.0 64.0 76.0 a
7812.0 18216.0 564.0 116.0 statutory
8424.0 18216.0 300.0 112.0 right
8772.0 18220.0 120.0 92.0 to
8944.0 18216.0 144.0 100.0 do
9140.0 18220.0 252.0 92.0 this.

7812.0 18372.0 288.0 96.0 Does
8236.0 18372.0 252.0 96.0 Mrs.
8620.0 18372.0 448.0 100.0 Holmes
9196.0 18372.0 316.0 96.0 know

3164.0 18172.0 436.0 116.0 Before
3668.0 18204.0 356.0 116.0 many
4084.0 18180.0 512.0 136.0 months,
4660.0 18180.0 208.0 116.0 the
4932.0 18216.0 508.0 84.0 concern
5504.0 18184.0 140.0 116.0 of

3164.0 18344.0 204.0 112.0 the
3452.0 18348.0 500.0 108.0 Federal
4040.0 18348.0 516.0 108.0 Reserve
4636.0 18356.0 392.0 100.0 Board
5124.0 18392.0 280.0 64.0 mav
5496.0 18368.0 144.0 88.0 ha
5760.0 18364.0 400.0 92.0 article
6240.0 18364.0 368.0 92.0 Dolnts
6688.0 18364.0 232.0 92.0 out
6996.0 18364.0 184.0 92.0 the
7260.0 18364.0 316.0 92.0 addi-

732.0 18472.0 248.0 168.0 )Xo
1020.0 18520.0 340.0 116.0 these
1404.0 18516.0 240.0 120.0 and
1684.0 18512.0 472.0 124.0 various
2196.0 18516.0 340.0 120.0 other
2572.0 18516.0 460.0 144.0 signals
3160.0 18524.0 268.0 120.0 how
3540.0 18524.0 356.0 112.0 much
4004.0 18524.0 420.0 144.0 longer
4532.0 18536.0 128.0 108.0 to
4764.0 18540.0 288.0 128.0 stay
5160.0 18532.0 292.0 116.0 with
5560.0 18568.0 76.0 84.0 a
5752.0 18492.0 256.0 96.0 tion
6080.0 18488.0 124.0 100.0 of
6272.0 18492.0 332.0 104.0 $20.05
6676.0 18492.0 184.0 96.0 for
6928.0 18508.0 140.0 80.0 an
7136.0 18488.0 436.0 116.0 illegiti-
7688.0 18500.0 248.0 96.0 that
8008.0 18504.0 208.0 96.0 the
8292.0 18504.0 236.0 96.0 cost
8600.0 18504.0 124.0 92.0 to
8792.0 18504.0 196.0 92.0 the
9064.0 18504.0 432.0 116.0 taxpay-

1008.0 18692.0 156.0 32.0 ...
1324.0 18692.0 36.0 32.0 .
1924.0 18688.0 252.0 56.0 v...:
2628.0 18612.0 364.0 132.0 Jji..
3312.0 18696.0 72.0 48.0 v
3508.0 18724.0 40.0 20.0 .
4356.0 18700.0 144.0 44.0 j-i
5752.0 18624.0 324.0 96.0 mate
6144.0 18620.0 296.0 100.0 child
6512.0 18620.0 368.0 112.0 might
6948.0 18620.0 468.0 116.0 produce
7500.0 18640.0 68.0 76.0 a
7688.0 18648.0 124.0 76.0 er
7872.0 18636.0 120.0 88.0 to
8064.0 18632.0 292.0 112.0 keep
8428.0 18648.0 64.0 76.0 a
8560.0 18632.0 308.0 96.0 child
8932.0 18632.0 124.0 96.0 in
9132.0 18648.0 148.0 80.0 an
9348.0 18632.0 116.0 96.0 in

7688.0 18756.0 520.0 100.0 stitution
8260.0 18776.0 128.0 80.0 or
8436.0 18756.0 544.0 112.0 boarding
9028.0 18764.0 332.0 92.0 home
9416.0 18764.0 92.0 92.0 Is

536.0 18696.0 156.0 124.0 of
860.0 18692.0 308.0 120.0 solid
1212.0 18692.0 524.0 120.0 advance
1776.0 18692.0 124.0 116.0 in
1924.0 18688.0 532.0 120.0 business
2496.0 18692.0 532.0 144.0 activity,
3160.0 18696.0 388.0 148.0 policy
3596.0 18696.0 148.0 120.0 of
3788.0 18728.0 288.0 116.0 easy
4132.0 18700.0 404.0 120.0 credit.

552.0 19148.0 1728.0 328.0 Cincinnati
2452.0 19140.0 232.0 320.0 In
2856.0 19152.0 1296.0 312.0 Autumn

5756.0 18756.0 212.0 92.0 net
6016.0 18752.0 220.0 96.0 loss
6280.0 18748.0 116.0 100.0 In
6440.0 18752.0 196.0 96.0 the
6684.0 18748.0 508.0 100.0 mother's
7236.0 18768.0 284.0 76.0 earn

5748.0 18876.0 208.0 112.0 ing
6024.0 18880.0 560.0 112.0 potential.
6648.0 18880.0 276.0 96.0 ADC
6988.0 18876.0 88.0 96.0 is
7124.0 18880.0 208.0 96.0 not
7396.0 18880.0 120.0 96.0 in-

5748.0 19004.0 768.0 100.0 discriminate
6668.0 19000.0 508.0 120.0 giving
7328.0 19008.0 236.0 96.0 and

5748.0 19152.0 552.0 96.0 everyone
6348.0 19136.0 96.0 96.0 is
6496.0 19140.0 208.0 92.0 not
6752.0 19132.0 444.0 112.0 eligible.

5876.0 19264.0 56.0 96.0 I
6060.0 19280.0 316.0 96.0 agree
6492.0 19264.0 272.0 96.0 with
6880.0 19264.0 244.0 96.0 Mrs.
7240.0 19264.0 316.0 96.0 Olive

5748.0 19392.0 460.0 96.0 Holmes
6256.0 19392.0 120.0 96.0 of
6420.0 19392.0 196.0 100.0 the
6668.0 19392.0 488.0 96.0 Juvenile
7204.0 19396.0 356.0 96.0 Court

5740.0 19528.0 272.0 88.0 that
6168.0 19536.0 396.0 80.0 some
6720.0 19528.0 476.0 100.0 changes
7360.0 19544.0 196.0 76.0 are

5744.0 19648.0 468.0 96.0 needed.
6284.0 19648.0 548.0 112.0 However,
6900.0 19652.0 52.0 92.0 I
7016.0 19652.0 200.0 96.0 feel
7288.0 19652.0 268.0 96.0 that

7684.0 18908.0 304.0 76.0 more
8100.0 18896.0 300.0 88.0 than
8508.0 18896.0 260.0 88.0 four
8872.0 18896.0 332.0 92.0 times
9308.0 18896.0 196.0 88.0 the

7684.0 19020.0 236.0 92.0 cost
8036.0 19016.0 128.0 96.0 of
8288.0 19016.0 476.0 116.0 keeping
8876.0 19020.0 200.0 92.0 the
9196.0 19040.0 304.0 76.0 same

7684.0 19144.0 292.0 96.0 child
8044.0 19148.0 284.0 96.0 with
8396.0 19144.0 148.0 100.0 Its
8612.0 19148.0 508.0 96.0 mother?

7796.0 19280.0 360.0 92.0 There
8240.0 19292.0 256.0 96.0 may
8572.0 19272.0 140.0 100.0 be
8788.0 19296.0 312.0 76.0 some
9176.0 19280.0 324.0 96.0 merit

7676.0 19400.0 120.0 96.0 In
7852.0 19408.0 260.0 88.0 Mrs.
8180.0 19404.0 484.0 96.0 Holmes'
8724.0 19404.0 272.0 116.0 plan
9056.0 19412.0 120.0 92.0 to
9232.0 19412.0 264.0 92.0 turn

7676.0 19532.0 192.0 96.0 the
7928.0 19532.0 328.0 96.0 clock
8320.0 19532.0 276.0 96.0 back
8668.0 19536.0 224.0 92.0 and
8956.0 19544.0 360.0 88.0 revert
9380.0 19540.0 116.0 92.0 to

7672.0 19664.0 188.0 92.0 the
7932.0 19660.0 432.0 100.0 former
8428.0 19664.0 528.0 96.0 mother's
9024.0 19664.0 468.0 116.0 pension

700.0 19672.0 44.0 88.0 :
764.0 19644.0 740.0 116.0 WINSTON
1676.0 19640.0 876.0 120.0 CHURCHILL
2720.0 19680.0 300.0 80.0 once
3152.0 19648.0 388.0 112.0 better
3596.0 19644.0 696.0 116.0 Impression
4344.0 19652.0 132.0 108.0 of
4524.0 19652.0 200.0 108.0 the
4776.0 19656.0 408.0 104.0 whole.

516.0 19828.0 536.0 144.0 saMTof
1148.0 19844.0 660.0 120.0 Cincinnati
1908.0 19836.0 276.0 124.0 that
2276.0 19844.0 200.0 116.0 for
2560.0 19844.0 248.0 120.0 him
2912.0 19848.0 108.0 124.0 it
3364.0 19844.0 116.0 120.0 A
3536.0 19852.0 848.0 144.0 nevcrnding
4436.0 19884.0 408.0 84.0 source
4900.0 19856.0 136.0 116.0 of
5096.0 19860.0 516.0 144.0 surprise
5736.0 19800.0 1308.0 204.0 a"
7140.0 19908.0 408.0 100.0 hem
7676.0 19792.0 1340.0 244.0 Sietfff
9024.0 19796.0 472.0 240.0 SoSE

516.0 20052.0 320.0 128.0 had;
892.0 20076.0 84.0 92.0 a
1084.0 20052.0 436.0 140.0 strong
1624.0 20044.0 632.0 152.0 European
2368.0 20040.0 400.0 144.0 flavor,
2888.0 20044.0 124.0 120.0 in
3140.0 20044.0 120.0 120.0 in
3320.0 20084.0 80.0 80.0 a
3460.0 20048.0 348.0 116.0 drive
3864.0 20048.0 376.0 124.0 about
4296.0 20056.0 208.0 112.0 the
4572.0 20056.0 340.0 144.0 city's
4980.0 20060.0 456.0 148.0 margin
5508.0 20064.0 104.0 120.0 is

508.0 20256.0 388.0 152.0 great
972.0 20256.0 288.0 144.0 part
1336.0 20248.0 504.0 120.0 because
1920.0 20248.0 140.0 120.0 of
2136.0 20248.0 168.0 116.0 Ha
2388.0 20248.0 296.0 116.0 river
2768.0 20252.0 244.0 116.0 and
3140.0 20244.0 200.0 120.0 the
3408.0 20248.0 500.0 120.0 number
3972.0 20252.0 148.0 120.0 of
4188.0 20252.0 348.0 120.0 times
4604.0 20260.0 232.0 116.0 and
4912.0 20264.0 504.0 120.0 number
5480.0 20268.0 136.0 116.0 of
5752.0 20212.0 288.0 200.0 It's
6160.0 20212.0 428.0 200.0 New
6708.0 20204.0 952.0 208.0 Subndtion

504.0 20456.0 228.0 124.0 faiH
832.0 20452.0 496.0 144.0 setting.
1464.0 20452.0 380.0 120.0 These
1932.0 20452.0 336.0 140.0 days,
2368.0 20448.0 324.0 120.0 when
2788.0 20448.0 224.0 120.0 fall
3136.0 20448.0 396.0 148.0 places
3592.0 20452.0 280.0 116.0 that
3928.0 20452.0 216.0 116.0 the
4204.0 20452.0 408.0 124.0 Carew
4668.0 20464.0 448.0 132.0 Tower,
5184.0 20468.0 228.0 116.0 and
5480.0 20476.0 128.0 112.0 to

500.0 20644.0 292.0 136.0 has'
852.0 20652.0 540.0 200.0 striqed
1492.0 20680.0 348.0 116.0 away
1928.0 20648.0 524.0 120.0 nature's
2536.0 20684.0 472.0 84.0 camou-
3136.0 20680.0 80.0 84.0 a
3308.0 20648.0 392.0 124.0 lesser
3792.0 20656.0 424.0 144.0 degree
4312.0 20664.0 164.0 108.0 its
4568.0 20664.0 724.0 148.0 companion,
5396.0 20672.0 208.0 116.0 the

496.0 20860.0 396.0 144.0 flage-,
1004.0 20860.0 216.0 112.0 the
1320.0 20852.0 452.0 120.0 terrain
1876.0 20852.0 212.0 116.0 lies
2192.0 20852.0 312.0 120.0 bare.
2636.0 20852.0 372.0 120.0 River
3136.0 20848.0 380.0 120.0 Union
3632.0 20852.0 476.0 120.0 Central
4216.0 20856.0 572.0 148.0 Building,
4896.0 20900.0 216.0 88.0 are
5220.0 20876.0 128.0 112.0 to
5460.0 20876.0 140.0 112.0 be

9676.0 15292.0 784.0 100.0 administered
10552.0 15288.0 220.0 100.0 and
10860.0 15284.0 620.0 104.0 controlled

9672.0 15428.0 432.0 96.0 welfare
10236.0 15440.0 580.0 100.0 programs
10944.0 15436.0 272.0 100.0 may
11344.0 15416.0 136.0 96.0 be

9672.0 15556.0 376.0 96.0 better.
10168.0 15556.0 548.0 108.0 However,
10836.0 15544.0 256.0 100.0 how
11216.0 15544.0 264.0 100.0 does

9668.0 15688.0 252.0 92.0 Mrs.
10092.0 15680.0 448.0 96.0 Holmes
10708.0 15696.0 476.0 96.0 propose
11360.0 15676.0 120.0 92.0 to

9668.0 15812.0 352.0 100.0 either
10104.0 15812.0 284.0 96.0 raise
10484.0 15800.0 608.0 104.0 additional
11184.0 15804.0 292.0 96.0 state

9664.0 15944.0 340.0 92.0 funds
10068.0 15944.0 112.0 92.0 to
10244.0 15936.0 440.0 120.0 replace
10752.0 15936.0 188.0 96.0 the
11012.0 15928.0 464.0 104.0 Federal

9668.0 16072.0 336.0 96.0 funds
10072.0 16072.0 252.0 96.0 that
10392.0 16064.0 356.0 100.0 would
10820.0 16064.0 136.0 96.0 be
11028.0 16060.0 252.0 112.0 lost,
11348.0 16080.0 128.0 76.0 or

9660.0 16204.0 120.0 92.0 to
9884.0 16216.0 612.0 92.0 encourage
10596.0 16196.0 192.0 96.0 the
10892.0 16192.0 580.0 96.0 Hamilton

9660.0 16328.0 428.0 116.0 County
10136.0 16328.0 592.0 116.0 taxpayers
10780.0 16324.0 116.0 92.0 to
10960.0 16324.0 256.0 92.0 vote
11272.0 16320.0 200.0 96.0 the

9664.0 16456.0 296.0 112.0 large
10048.0 16456.0 240.0 116.0 levy
10384.0 16448.0 516.0 104.0 essential
10996.0 16452.0 128.0 92.0 to
11216.0 16468.0 212.0 92.0 sup-

9660.0 16588.0 252.0 112.0 port
10060.0 16588.0 196.0 92.0 the
10420.0 16580.0 360.0 100.0 entire
10940.0 16596.0 528.0 100.0 program

9656.0 16712.0 476.0 112.0 through
10184.0 16712.0 288.0 96.0 local
10528.0 16708.0 396.0 96.0 funds?

9780.0 16844.0 48.0 96.0 I
9888.0 16844.0 436.0 112.0 suggest
10384.0 16844.0 256.0 92.0 that
10696.0 16840.0 248.0 96.0 Mrs.
11012.0 16836.0 452.0 96.0 Holmes

9652.0 16972.0 384.0 92.0 confer
10172.0 16968.0 272.0 96.0 with
10592.0 16968.0 240.0 96.0 Sen.
10984.0 16964.0 476.0 96.0 William

9652.0 17100.0 532.0 108.0 Deddens,
10312.0 17096.0 576.0 96.0 chairman
11020.0 17092.0 124.0 96.0 of
11264.0 17096.0 196.0 92.0 the

9652.0 17228.0 404.0 96.0 Senate
10160.0 17224.0 484.0 96.0 Finance
10756.0 17220.0 704.0 108.0 Committee,

9648.0 17356.0 116.0 96.0 in
9828.0 17372.0 144.0 80.0 an
10024.0 17356.0 336.0 96.0 effort
10412.0 17360.0 120.0 88.0 to
10584.0 17352.0 140.0 96.0 do
10776.0 17372.0 312.0 76.0 some
11148.0 17348.0 264.0 116.0 plan-

9648.0 17484.0 272.0 112.0 ning
10000.0 17484.0 164.0 96.0 for
10244.0 17480.0 256.0 100.0 this.
10584.0 17480.0 128.0 96.0 In
10792.0 17484.0 196.0 92.0 the
11044.0 17488.0 368.0 88.0 'mean-

9644.0 17612.0 300.0 112.0 time,
10008.0 17612.0 244.0 96.0 Mrs.
10328.0 17608.0 440.0 96.0 Holmes
10832.0 17628.0 224.0 76.0 can
11128.0 17608.0 324.0 112.0 begin

9644.0 17744.0 120.0 92.0 to
9812.0 17740.0 444.0 112.0 develop
10312.0 17756.0 148.0 80.0 an
10512.0 17740.0 360.0 96.0 action
10928.0 17756.0 520.0 96.0 program

9644.0 17868.0 116.0 96.0 in
9820.0 17868.0 200.0 100.0 her
10068.0 17888.0 244.0 76.0 own
10376.0 17884.0 412.0 96.0 agency
10840.0 17868.0 120.0 92.0 to
11020.0 17868.0 428.0 92.0 correct

9640.0 18016.0 308.0 80.0 some
10024.0 17996.0 112.0 96.0 of
10212.0 17996.0 200.0 96.0 the
10492.0 17996.0 336.0 96.0 faults
10904.0 17996.0 268.0 92.0 that
11248.0 17996.0 200.0 92.0 she

9640.0 18128.0 208.0 92.0 has
10008.0 18124.0 572.0 96.0 discerned
10744.0 18140.0 416.0 92.0 among
11324.0 18140.0 124.0 76.0 so

9640.0 18272.0 336.0 96.0 many
10048.0 18252.0 416.0 96.0 broken
10540.0 18252.0 384.0 96.0 homes
11000.0 18252.0 128.0 92.0 In
11204.0 18248.0 200.0 100.0 Cin-

9636.0 18380.0 448.0 100.0 cinnati.
9756.0 18516.0 304.0 92.0 MRS.
10124.0 18508.0 460.0 96.0 MABEL
10644.0 18508.0 492.0 104.0 CLARK.
11204.0 18508.0 240.0 96.0 2215

9636.0 18640.0 364.0 112.0 Maple
10128.0 18644.0 252.0 92.0 Ave.
10516.0 18640.0 448.0 100.0 (former
11104.0 18636.0 336.0 100.0 social

9636.0 18776.0 476.0 96.0 worker).

9640.0 18996.0 728.0 152.0 'Germans
10468.0 18996.0 280.0 152.0 Are
10848.0 18988.0 308.0 156.0 Not

9664.0 19192.0 488.0 156.0 Threat
10228.0 19196.0 192.0 152.0 To
10512.0 19192.0 496.0 152.0 Peace'

9748.0 19412.0 260.0 92.0 How
10060.0 19412.0 92.0 100.0 Is
10208.0 19412.0 92.0 96.0 It
10352.0 19408.0 472.0 120.0 possible
10876.0 19408.0 184.0 96.0 for
11112.0 19424.0 312.0 80.0 some

9624.0 19536.0 120.0 100.0 to
9800.0 19544.0 136.0 92.0 be
9996.0 19560.0 112.0 76.0 so
10168.0 19540.0 540.0 112.0 mentally
10764.0 19536.0 312.0 96.0 blind
11144.0 19556.0 124.0 80.0 as
11328.0 19540.0 96.0 96.0 Is

9628.0 19668.0 512.0 96.0 reflected
10192.0 19672.0 116.0 92.0 In
10360.0 19672.0 660.0 96.0 statements
11068.0 19688.0 308.0 76.0 some-

9620.0 19796.0 328.0 100.0 times
10008.0 19800.0 328.0 92.0 made
10404.0 19796.0 676.0 116.0 concerning
11152.0 19800.0 220.0 92.0 Rus-

9620.0 19924.0 160.0 100.0 sia
9840.0 19928.0 220.0 96.0 and
10112.0 19928.0 620.0 112.0 Germany?
10788.0 19928.0 240.0 96.0 One
11092.0 19944.0 276.0 80.0 wom

11620.0 15300.0 144.0 80.0 an
11824.0 15300.0 312.0 80.0 raves
12200.0 15280.0 324.0 96.0 about
12580.0 15272.0 204.0 100.0 the
12844.0 15276.0 536.0 96.0 Germans

11612.0 15412.0 324.0 120.0 being
12016.0 15428.0 60.0 80.0 a
12160.0 15408.0 356.0 96.0 threat
12588.0 15408.0 128.0 92.0 to
12796.0 15424.0 320.0 96.0 peace
13204.0 15408.0 132.0 92.0 be-

11616.0 15560.0 324.0 76.0 cause
11988.0 15536.0 120.0 104.0 of
12156.0 15536.0 280.0 96.0 their
12480.0 15536.0 568.0 116.0 resurgent
13100.0 15532.0 240.0 96.0 mili-

11612.0 15672.0 412.0 96.0 tarism.
11732.0 15800.0 252.0 92.0 How
12124.0 15796.0 196.0 96.0 she
12444.0 15792.0 332.0 100.0 could
12904.0 15792.0 476.0 116.0 possibly

11608.0 15924.0 504.0 100.0 overlook
12192.0 15924.0 188.0 96.0 the
12456.0 15924.0 288.0 96.0 hard
12824.0 15924.0 220.0 96.0 fact
13124.0 15928.0 256.0 92.0 that

11604.0 16056.0 552.0 96.0 whatever
12232.0 16052.0 592.0 96.0 limited
12896.0 16052.0 480.0 116.0 military

11604.0 16200.0 364.0 100.0 power
12036.0 16184.0 196.0 96.0 the
12296.0 16184.0 540.0 96.0 Germans
12904.0 16180.0 308.0 112.0 have,
13288.0 16184.0 88.0 96.0 it

11604.0 16328.0 220.0 80.0 was
11896.0 16312.0 256.0 96.0 first
12216.0 16312.0 120.0 92.0 of
12404.0 16312.0 136.0 92.0 all
12624.0 16312.0 364.0 96.0 forced
13064.0 16332.0 308.0 96.0 upon

11600.0 16440.0 340.0 108.0 them,
12020.0 16440.0 300.0 96.0 since
12392.0 16440.0 184.0 96.0 the
12664.0 16440.0 504.0 116.0 majority
13252.0 16444.0 120.0 96.0 of

11600.0 16572.0 544.0 96.0 Germans
12228.0 16568.0 268.0 100.0 have
12580.0 16568.0 284.0 96.0 been
12948.0 16572.0 372.0 96.0 unwill-

11596.0 16696.0 192.0 116.0 ing
11856.0 16700.0 116.0 96.0 to
12040.0 16716.0 388.0 84.0 rearm:
12500.0 16696.0 540.0 116.0 secondly,
13112.0 16700.0 96.0 96.0 it
13276.0 16700.0 92.0 96.0 is

11600.0 16828.0 352.0 96.0 under
12040.0 16844.0 208.0 80.0 our
12336.0 16828.0 304.0 96.0 strict
12736.0 16832.0 412.0 96.0 control
13252.0 16836.0 120.0 88.0 at

11600.0 16956.0 140.0 96.0 all
11808.0 16956.0 360.0 104.0 times;
12244.0 16972.0 180.0 88.0 we,
12484.0 16956.0 112.0 96.0 in
12676.0 16960.0 352.0 104.0 effect,
13096.0 16960.0 272.0 96.0 with

11592.0 17084.0 452.0 104.0 Britain,
12136.0 17088.0 400.0 96.0 France
12632.0 17088.0 224.0 92.0 and
12940.0 17088.0 424.0 112.0 Russia,

11592.0 17216.0 208.0 104.0 too,
11852.0 17212.0 220.0 96.0 still
12128.0 17232.0 400.0 96.0 occupy
12580.0 17216.0 256.0 96.0 that
12880.0 17220.0 492.0 112.0 country.

11592.0 17340.0 228.0 96.0 Call
11920.0 17344.0 84.0 96.0 it
12100.0 17344.0 140.0 112.0 by
12328.0 17360.0 204.0 96.0 any
12620.0 17348.0 316.0 92.0 other
13024.0 17368.0 336.0 76.0 name

11592.0 17492.0 208.0 92.0 you
11864.0 17472.0 400.0 112.0 please,
12328.0 17472.0 80.0 96.0 it
12464.0 17472.0 88.0 96.0 is
12620.0 17476.0 224.0 96.0 still
12904.0 17496.0 412.0 96.0 occupa-

11592.0 17600.0 224.0 96.0 tion
11896.0 17600.0 572.0 116.0 militarily.

11708.0 17728.0 476.0 112.0 Thirdly,
12236.0 17732.0 180.0 92.0 the
12472.0 17728.0 264.0 116.0 only
12788.0 17736.0 208.0 92.0 real
13056.0 17736.0 256.0 96.0 "mil-

11592.0 17856.0 476.0 96.0 itarism"
12104.0 17860.0 96.0 92.0 is
12244.0 17860.0 176.0 92.0 the
12464.0 17864.0 892.0 112.0 unprecedented

11588.0 17992.0 436.0 108.0 general
12132.0 17988.0 464.0 112.0 military
12712.0 17988.0 208.0 96.0 and
13020.0 17996.0 332.0 96.0 naval

11584.0 18116.0 812.0 116.0 developments
12472.0 18120.0 140.0 112.0 by
12692.0 18120.0 184.0 96.0 the
12948.0 18120.0 404.0 100.0 United

11584.0 18248.0 388.0 104.0 States.
12080.0 18248.0 404.0 104.0 Russia,
12596.0 18248.0 412.0 96.0 Britain
13124.0 18252.0 224.0 96.0 and

11580.0 18376.0 440.0 104.0 France,
12124.0 18376.0 252.0 92.0 with
12468.0 18376.0 196.0 92.0 the
12768.0 18380.0 244.0 112.0 only
13116.0 18384.0 228.0 96.0 real

11580.0 18504.0 476.0 112.0 military
12116.0 18504.0 316.0 108.0 force,
12488.0 18504.0 452.0 100.0 nuclear
12996.0 18528.0 312.0 100.0 weap-

11576.0 18652.0 228.0 72.0 ons.
11700.0 18764.0 224.0 92.0 The
12000.0 18764.0 368.0 92.0 threat
12432.0 18760.0 120.0 96.0 of
12632.0 18764.0 472.0 120.0 military
13184.0 18792.0 120.0 76.0 re-

11576.0 18908.0 532.0 96.0 surgence
12156.0 18892.0 136.0 112.0 by
12336.0 18896.0 544.0 112.0 Germany
12924.0 18900.0 88.0 92.0 is
13060.0 18896.0 240.0 100.0 clev-

11572.0 19020.0 228.0 112.0 erly
11880.0 19020.0 272.0 96.0 used
12240.0 19024.0 136.0 112.0 by
12444.0 19024.0 196.0 92.0 the
12728.0 19028.0 404.0 96.0 Soviets
13216.0 19048.0 124.0 80.0 as

11572.0 19168.0 64.0 76.0 a
11696.0 19148.0 728.0 112.0 diversionary
12476.0 19152.0 336.0 96.0 tactic
12872.0 19160.0 108.0 92.0 to
13036.0 19160.0 304.0 92.0 draw

11572.0 19280.0 540.0 92.0 attention
12236.0 19296.0 284.0 96.0 away
12640.0 19284.0 280.0 96.0 from
13036.0 19288.0 304.0 96.0 what

11564.0 19412.0 260.0 108.0 they
11924.0 19412.0 648.0 92.0 themselves
12688.0 19428.0 180.0 80.0 are
12972.0 19412.0 364.0 116.0 doing.

11560.0 19536.0 288.0 96.0 That
11932.0 19552.0 160.0 80.0 we
12176.0 19540.0 384.0 96.0 should
12656.0 19540.0 280.0 96.0 offer
13020.0 19544.0 316.0 96.0 them

11564.0 19664.0 584.0 116.0 immunity
12252.0 19668.0 428.0 112.0 against
12784.0 19672.0 180.0 96.0 the
13072.0 19676.0 224.0 92.0 Oer-

11564.0 19812.0 348.0 80.0 mans.
11960.0 19816.0 120.0 76.0 as
12128.0 19816.0 152.0 76.0 we
12328.0 19796.0 264.0 96.0 have
12648.0 19800.0 268.0 92.0 been
12964.0 19800.0 368.0 112.0 doing,

11556.0 19924.0 92.0 96.0 is
11732.0 19924.0 352.0 96.0 either
12164.0 19924.0 524.0 116.0 stupidity
12768.0 19948.0 116.0 76.0 or
12964.0 19932.0 368.0 112.0 abject

13520.0 15268.0 624.0 100.0 cowardice.
14240.0 15264.0 284.0 96.0 That
14604.0 15260.0 272.0 100.0 such
14968.0 15256.0 328.0 96.0 offers

13528.0 15400.0 272.0 96.0 have
13840.0 15400.0 196.0 96.0 not
14072.0 15396.0 280.0 96.0 been
14388.0 15388.0 500.0 100.0 effective
14924.0 15396.0 372.0 104.0 proves

13520.0 15528.0 240.0 96.0 how
13860.0 15528.0 188.0 96.0 the
14144.0 15520.0 416.0 100.0 Soviets
14656.0 15520.0 276.0 96.0 have
15028.0 15512.0 268.0 96.0 been

13520.0 15656.0 324.0 116.0 using
13916.0 15672.0 128.0 80.0 us
14116.0 15656.0 116.0 92.0 to
14304.0 15648.0 284.0 100.0 their
14660.0 15644.0 632.0 104.0 advantage.

13636.0 15788.0 100.0 92.0 It
13860.0 15784.0 92.0 96.0 is
14072.0 15776.0 620.0 112.0 incredible,
14812.0 15776.0 184.0 108.0 yet
15112.0 15768.0 176.0 92.0 the

13512.0 15912.0 620.0 96.0 "neutrals'"
14232.0 15908.0 176.0 100.0 led
14500.0 15908.0 136.0 112.0 by
14736.0 15900.0 292.0 100.0 their
15116.0 15912.0 140.0 96.0 ap-

13512.0 16048.0 404.0 112.0 parent
13960.0 16040.0 400.0 108.0 leader,
14396.0 16040.0 360.0 92.0 Nehru
14792.0 16032.0 116.0 92.0 of
14956.0 16024.0 332.0 104.0 India,

13516.0 16172.0 240.0 92.0 who
13824.0 16188.0 220.0 80.0 was
14108.0 16168.0 240.0 120.0 Just
14412.0 16164.0 308.0 116.0 given
14788.0 16160.0 192.0 96.0 the
15048.0 16152.0 240.0 96.0 "red

13508.0 16300.0 584.0 116.0 carpet"
14184.0 16292.0 604.0 100.0 treatment
14872.0 16288.0 144.0 112.0 by
15100.0 16300.0 188.0 80.0 our

13504.0 16428.0 600.0 108.0 President,
14188.0 16428.0 280.0 96.0 have
14544.0 16416.0 460.0 116.0 directly
15084.0 16404.0 208.0 104.0 and

13512.0 16560.0 576.0 108.0 indirectly
14172.0 16556.0 276.0 96.0 been
14528.0 16548.0 504.0 120.0 pointing
15108.0 16540.0 180.0 96.0 the

13512.0 16688.0 364.0 112.0 finger
13944.0 16692.0 120.0 92.0 at
14132.0 16700.0 140.0 84.0 us
14344.0 16688.0 112.0 92.0 to
14524.0 16680.0 248.0 116.0 stop
14844.0 16672.0 444.0 100.0 nuclear

13508.0 16816.0 440.0 116.0 testing.
14072.0 16816.0 160.0 92.0 No
14356.0 16812.0 384.0 96.0 Insane
14868.0 16804.0 416.0 116.0 asylum

13504.0 16944.0 328.0 96.0 could
13928.0 16944.0 300.0 96.0 show
14324.0 16944.0 268.0 92.0 such
14688.0 16936.0 300.0 96.0 utter
15076.0 16928.0 208.0 96.0 loss

13504.0 17072.0 112.0 96.0 of
13688.0 17092.0 400.0 76.0 reason
14168.0 17068.0 220.0 96.0 and
14464.0 17064.0 500.0 112.0 honesty!

13624.0 17232.0 116.0 88.0 A.
13792.0 17228.0 120.0 96.0 A.
13956.0 17224.0 668.0 108.0 KINGMON,
14672.0 17220.0 176.0 100.0 515
14892.0 17204.0 344.0 108.0 Broad-

13504.0 17372.0 256.0 96.0 way.
13508.0 17576.0 608.0 192.0 Request
14216.0 17576.0 388.0 152.0 More
14704.0 17568.0 404.0 156.0 News

13504.0 17796.0 208.0 152.0 Of
13820.0 17796.0 720.0 156.0 Clermont
14640.0 17796.0 556.0 188.0 County

13612.0 18020.0 52.0 96.0 I
13736.0 18020.0 356.0 96.0 would
14168.0 18020.0 216.0 96.0 like
14456.0 18020.0 112.0 92.0 to
14640.0 18036.0 192.0 92.0 say
14904.0 18032.0 60.0 76.0 a
15044.0 18000.0 244.0 108.0 loud

13492.0 18176.0 456.0 92.0 "amen"
14100.0 18176.0 120.0 92.0 to
14368.0 18176.0 192.0 92.0 Mr.
14712.0 18164.0 568.0 104.0 Kuether's

13484.0 18332.0 624.0 96.0 comments
14192.0 18328.0 320.0 100.0 made
14592.0 18324.0 116.0 100.0 in
14792.0 18324.0 188.0 96.0 the
15064.0 18316.0 220.0 100.0 Satr

13484.0 18488.0 376.0 112.0 urday,
13940.0 18488.0 604.0 96.0 November
14624.0 18484.0 144.0 104.0 11,
14844.0 18476.0 432.0 100.0 edition.

13480.0 18616.0 340.0 116.0 Many
13924.0 18616.0 116.0 96.0 of
14148.0 18636.0 192.0 92.0 my
14440.0 18612.0 420.0 96.0 friends
14968.0 18604.0 312.0 100.0 made

13480.0 18748.0 188.0 96.0 the
13760.0 18768.0 312.0 76.0 same
14160.0 18748.0 616.0 96.0 comments
14860.0 18756.0 148.0 80.0 on
15096.0 18736.0 180.0 92.0 the

13476.0 18876.0 212.0 112.0 day
13744.0 18880.0 288.0 92.0 after
14084.0 18876.0 552.0 100.0 elections,
14692.0 18868.0 220.0 100.0 and
14968.0 18868.0 52.0 96.0 I
15068.0 18864.0 160.0 100.0 sin-

13480.0 19008.0 360.0 112.0 cerely
13976.0 19008.0 444.0 112.0 suggest
14548.0 19004.0 252.0 96.0 that
14932.0 19000.0 92.0 92.0 it
15152.0 18992.0 124.0 96.0 be

13476.0 19136.0 328.0 96.0 made
13904.0 19136.0 604.0 96.0 someone's
14604.0 19128.0 184.0 120.0 job
14888.0 19128.0 116.0 96.0 to
15100.0 19140.0 172.0 80.0 see

13472.0 19264.0 248.0 96.0 that
13768.0 19284.0 304.0 76.0 news
14120.0 19264.0 316.0 96.0 other
14484.0 19264.0 276.0 96.0 than
14812.0 19248.0 460.0 120.0 "tragic"

13468.0 19412.0 300.0 76.0 news
13832.0 19392.0 132.0 100.0 be
14024.0 19392.0 504.0 116.0 reported
14592.0 19388.0 336.0 100.0 about
14992.0 19384.0 236.0 96.0 Cler-

13472.0 19528.0 316.0 88.0 mont
13848.0 19528.0 460.0 108.0 County.
14368.0 19524.0 280.0 96.0 Most
14704.0 19512.0 564.0 112.0 definitely

13468.0 19652.0 468.0 96.0 election
14004.0 19652.0 336.0 96.0 news!

13588.0 19808.0 312.0 92.0 MRS.
13972.0 19808.0 496.0 96.0 JOLENE
14540.0 19800.0 480.0 112.0 KOHLE,
15096.0 19792.0 164.0 100.0 558

13468.0 19932.0 452.0 100.0 Batavia
13996.0 19936.0 292.0 116.0 Pike,
14364.0 19928.0 624.0 104.0 Cincinnati
15060.0 19928.0 140.0 96.0 ii.

5976.0 20556.0 900.0 328.0 South
7068.0 20576.0 1596.0 408.0 Becoming
8864.0 20572.0 736.0 320.0 New
9780.0 20572.0 1052.0 380.0 Social,
11056.0 20568.0 1356.0 388.0 Political,
12620.0 20588.0 1584.0 328.0 Economic
14400.0 20600.0 804.0 308.0 Area

496.0 21056.0 416.0 124.0 vistas
1000.0 21056.0 280.0 120.0 that
1360.0 21048.0 548.0 136.0 impelled
1996.0 21052.0 220.0 120.0 Mr.
2308.0 21052.0 692.0 124.0 Churchill's

492.0 21260.0 512.0 124.0 remark
1088.0 21288.0 216.0 84.0 are
1388.0 21256.0 420.0 144.0 longer
1892.0 21248.0 292.0 124.0 than
2272.0 21256.0 416.0 148.0 during
2776.0 21252.0 220.0 124.0 the

492.0 21492.0 396.0 120.0 green
980.0 21460.0 312.0 144.0 days
1380.0 21456.0 152.0 120.0 of
1624.0 21488.0 548.0 84.0 summer.
2304.0 21456.0 336.0 120.0 From
2740.0 21492.0 256.0 116.0 any

488.0 21664.0 380.0 152.0 given
928.0 21664.0 320.0 148.0 spot,
1308.0 21660.0 108.0 116.0 it
1476.0 21660.0 108.0 124.0 is
1644.0 21656.0 504.0 152.0 possible
2208.0 21664.0 136.0 112.0 to
2400.0 21692.0 192.0 88.0 see
2648.0 21692.0 340.0 88.0 more

484.0 21868.0 148.0 124.0 of
736.0 21868.0 228.0 120.0 the
1060.0 21864.0 356.0 148.0 city's
1520.0 21860.0 416.0 124.0 extent
2032.0 21864.0 232.0 116.0 and
2368.0 21896.0 132.0 84.0 so
2588.0 21876.0 212.0 136.0 get
2904.0 21896.0 80.0 88.0 a

496.0 22220.0 460.0 160.0 Voice
1024.0 22212.0 224.0 160.0 Of
1300.0 22212.0 276.0 164.0 The
1652.0 22212.0 852.0 192.0 ENQUIRER

636.0 22580.0 292.0 112.0 Our
992.0 22572.0 432.0 116.0 dark

476.0 22752.0 700.0 148.0 suspicions
1232.0 22788.0 152.0 72.0 ex-

480.0 22944.0 284.0 124.0 pert
856.0 22960.0 268.0 80.0 ssts
1216.0 22920.0 204.0 112.0 the

480.0 23120.0 296.0 92.0 next
896.0 23092.0 208.0 148.0 big
1220.0 23092.0 164.0 116.0 ad-

480.0 23304.0 616.0 84.0 vanes
1236.0 23272.0 168.0 108.0 in

472.0 23440.0 560.0 140.0 working
1108.0 23440.0 264.0 112.0 ufe-

476.0 23628.0 128.0 124.0 tj
728.0 23612.0 400.0 108.0 would
1172.0 23576.0 40.0 112.0 '
1256.0 23612.0 148.0 112.0 be

536.0 23808.0 200.0 88.0 eat
816.0 23776.0 308.0 120.0 belts
1200.0 23788.0 204.0 108.0 for

536.0 23948.0 344.0 112.0 wivd
968.0 23960.0 428.0 104.0 rhalr.

3128.0 21056.0 272.0 84.0 seen
3472.0 21028.0 512.0 148.0 peeping
4048.0 21064.0 296.0 88.0 over
4408.0 21072.0 80.0 80.0 a
4560.0 21036.0 440.0 152.0 hilltop.
5080.0 21048.0 116.0 112.0 A
5268.0 21048.0 332.0 116.0 drive

3124.0 21200.0 356.0 148.0 along
3576.0 21200.0 612.0 124.0 Columbia
4284.0 21212.0 572.0 144.0 Parkway
4948.0 21220.0 112.0 112.0 is
5156.0 21220.0 440.0 148.0 always

3124.0 21376.0 696.0 144.0 rewarding,
3904.0 21380.0 240.0 120.0 and
4228.0 21412.0 268.0 88.0 now
4576.0 21388.0 288.0 116.0 with
4952.0 21388.0 396.0 124.0 leaves
5436.0 21432.0 156.0 84.0 no

3120.0 21548.0 408.0 148.0 longer
3688.0 21552.0 740.0 156.0 obstructing
4576.0 21560.0 204.0 116.0 the
4936.0 21572.0 652.0 120.0 motorist's

3116.0 21728.0 320.0 120.0 view,
3492.0 21724.0 608.0 124.0 followine
4144.0 21732.0 216.0 116.0 the
4412.0 21736.0 560.0 112.0 Darkwav
5020.0 21776.0 140.0 72.0 as
5212.0 21748.0 96.0 100.0 it
5360.0 21748.0 176.0 100.0 fol

3112.0 21896.0 276.0 120.0 lows
3444.0 21904.0 224.0 116.0 the
3716.0 21904.0 516.0 152.0 winding
4280.0 21908.0 296.0 124.0 Ohio
4628.0 21912.0 360.0 116.0 River
5040.0 21920.0 544.0 144.0 provides

3112.0 22076.0 564.0 148.0 glimpses
3732.0 22076.0 136.0 120.0 of
3920.0 22080.0 216.0 120.0 the
4204.0 22084.0 340.0 148.0 city's
4600.0 22088.0 460.0 144.0 skyline
5124.0 22092.0 320.0 120.0 from
5508.0 22128.0 80.0 88.0 a

3104.0 22248.0 676.0 148.0 surprising
3828.0 22256.0 500.0 120.0 number
4380.0 22256.0 136.0 120.0 of
4564.0 22268.0 444.0 140.0 angles.

3316.0 22512.0 260.0 116.0 The
3652.0 22516.0 776.0 148.0 opportunity
4496.0 22520.0 560.0 144.0 provided
5136.0 22524.0 160.0 148.0 by
5368.0 22532.0 212.0 116.0 the

3096.0 22716.0 428.0 88.0 season
3576.0 22688.0 208.0 116.0 for
3828.0 22688.0 424.0 148.0 taking
4296.0 22696.0 124.0 116.0 in
4472.0 22696.0 204.0 116.0 the
4724.0 22696.0 352.0 144.0 city's
5128.0 22704.0 440.0 144.0 setting

3096.0 22860.0 124.0 116.0 in
3344.0 22868.0 492.0 136.0 greater
3960.0 22896.0 372.0 112.0 scope
4452.0 22868.0 776.0 120.0 underscores
5364.0 22880.0 212.0 116.0 the

3096.0 23036.0 492.0 116.0 wisdom
3636.0 23036.0 140.0 120.0 of
3812.0 23068.0 220.0 88.0 one
4076.0 23044.0 148.0 112.0 of
4264.0 23040.0 208.0 116.0 the
4520.0 23044.0 336.0 144.0 city's
4908.0 23076.0 656.0 120.0 programs.

3092.0 23204.0 296.0 120.0 Now
3456.0 23212.0 284.0 116.0 that
3804.0 23216.0 320.0 116.0 trees
4196.0 23216.0 156.0 116.0 do
4416.0 23224.0 208.0 112.0 not
4692.0 23216.0 596.0 156.0 interrupt
5364.0 23232.0 204.0 112.0 the

3092.0 23380.0 320.0 140.0 view,
3464.0 23388.0 112.0 116.0 it
3620.0 23388.0 112.0 116.0 is
3776.0 23388.0 512.0 148.0 possible
4340.0 23396.0 132.0 112.0 to
4516.0 23396.0 672.0 144.0 appreciate
5240.0 23432.0 324.0 88.0 more

3092.0 23556.0 288.0 116.0 than
3500.0 23592.0 292.0 84.0 ever
3904.0 23560.0 420.0 120.0 before
4452.0 23564.0 200.0 120.0 the
4776.0 23576.0 528.0 112.0 removal
5428.0 23580.0 140.0 112.0 of

3088.0 23736.0 668.0 120.0 structures
3868.0 23736.0 284.0 120.0 that
4272.0 23744.0 344.0 112.0 stood
4736.0 23776.0 144.0 88.0 as
5000.0 23780.0 560.0 112.0 eyesores

3084.0 23904.0 528.0 120.0 between
3700.0 23908.0 200.0 120.0 the
3980.0 23916.0 560.0 116.0 motorist
4620.0 23920.0 236.0 116.0 and
4948.0 23924.0 212.0 112.0 the
5244.0 23928.0 316.0 112.0 river

3080.0 24080.0 316.0 112.0 view.

5800.0 21028.0 196.0 96.0 BY
6048.0 21032.0 840.0 100.0 WESTBROOK
6940.0 21032.0 504.0 96.0 PEGLER

5836.0 21188.0 316.0 96.0 NEW
6228.0 21188.0 412.0 104.0 YORK:
6736.0 21188.0 108.0 96.0 If
6920.0 21192.0 292.0 96.0 there
7304.0 21208.0 228.0 76.0 can

5712.0 21312.0 148.0 104.0 be
5924.0 21320.0 284.0 96.0 such
6272.0 21336.0 64.0 80.0 a
6404.0 21324.0 324.0 108.0 thing
6792.0 21336.0 128.0 80.0 as
6976.0 21340.0 64.0 72.0 a
7100.0 21320.0 384.0 96.0 domin-

5708.0 21444.0 200.0 100.0 ion
6020.0 21448.0 464.0 96.0 without
6584.0 21452.0 528.0 108.0 separate,
7216.0 21444.0 268.0 104.0 Inde-

5708.0 21572.0 512.0 120.0 pendent
6300.0 21580.0 712.0 112.0 sovereignty,
7092.0 21580.0 248.0 96.0 that
7428.0 21580.0 100.0 100.0 Is

5708.0 21704.0 208.0 96.0 the
5960.0 21708.0 288.0 92.0 term
6296.0 21708.0 52.0 96.0 I
6388.0 21708.0 360.0 96.0 would
6800.0 21708.0 316.0 116.0 apply
7156.0 21712.0 112.0 96.0 to
7316.0 21712.0 208.0 100.0 the

5700.0 21848.0 264.0 80.0 new
6028.0 21836.0 364.0 108.0 social,
6448.0 21836.0 488.0 116.0 political
7000.0 21836.0 208.0 100.0 and
7276.0 21860.0 204.0 76.0 eco-

5704.0 21960.0 388.0 100.0 nomic
6152.0 21984.0 248.0 80.0 area
6492.0 21964.0 484.0 96.0 which
7060.0 21968.0 116.0 100.0 Is
7260.0 21984.0 264.0 84.0 now

5708.0 22092.0 668.0 116.0 developing
6420.0 22092.0 112.0 96.0 In
6584.0 22096.0 204.0 96.0 the
6836.0 22096.0 284.0 116.0 Deep
7160.0 22100.0 360.0 96.0 South

5712.0 22220.0 236.0 96.0 and
6016.0 22224.0 188.0 92.0 the
6268.0 22224.0 648.0 96.0 Southwest

5824.0 22352.0 164.0 92.0 To
6100.0 22348.0 128.0 96.0 be
6332.0 22372.0 284.0 88.0 sure,
6728.0 22352.0 196.0 96.0 the
7024.0 22352.0 484.0 100.0 Western

5696.0 22476.0 364.0 96.0 states
6152.0 22476.0 120.0 96.0 of
6364.0 22484.0 192.0 92.0 the
6656.0 22480.0 532.0 100.0 Southern
7296.0 22488.0 220.0 96.0 tier

5696.0 22620.0 200.0 80.0 are
5964.0 22608.0 580.0 104.0 Southern,
6604.0 22608.0 212.0 96.0 but
6872.0 22612.0 48.0 96.0 I
6972.0 22612.0 268.0 100.0 need
7300.0 22616.0 212.0 96.0 not

5700.0 22728.0 336.0 100.0 labor
6096.0 22736.0 192.0 96.0 the
6360.0 22740.0 232.0 96.0 fact
6660.0 22740.0 260.0 96.0 that
6980.0 22744.0 184.0 96.0 the
7228.0 22748.0 236.0 92.0 tem-

5720.0 22868.0 596.0 104.0 perament
6416.0 22864.0 120.0 96.0 of
6656.0 22872.0 480.0 108.0 Arizona,
7248.0 22876.0 264.0 92.0 New

5692.0 22992.0 436.0 96.0 Mexico
6232.0 22992.0 220.0 96.0 and
6568.0 22996.0 540.0 96.0 Southern
7216.0 23000.0 248.0 96.0 Cali-

5692.0 23120.0 380.0 96.0 fornia
6164.0 23120.0 92.0 96.0 is
6340.0 23124.0 540.0 96.0 different
6964.0 23128.0 108.0 92.0 in
7156.0 23148.0 352.0 96.0 many

5688.0 23248.0 472.0 96.0 obvious
6208.0 23268.0 284.0 96.0 ways
6544.0 23256.0 328.0 92.0 from,
6924.0 23276.0 208.0 92.0 say,
7184.0 23260.0 276.0 92.0 Miss-

5684.0 23372.0 432.0 116.0 issippi.
6176.0 23380.0 560.0 100.0 Alabama.
6832.0 23388.0 668.0 116.0 Georgia,

5684.0 23504.0 232.0 92.0 and
5988.0 23508.0 344.0 96.0 South
6396.0 23512.0 544.0 96.0 Carolina

5804.0 23636.0 244.0 92.0 The
6104.0 23656.0 480.0 92.0 expanse
6644.0 23640.0 124.0 96.0 of
6856.0 23644.0 640.0 120.0 country

5680.0 23760.0 688.0 104.0 between
6440.0 23772.0 196.0 92.0 the
6712.0 23772.0 468.0 100.0 Atlantic
7256.0 23780.0 232.0 92.0 and

5676.0 23892.0 200.0 96.0 the
5940.0 23892.0 436.0 116.0 Pacific,
6432.0 23900.0 340.0 96.0 south
6828.0 23904.0 116.0 92.0 of
6996.0 23924.0 60.0 76.0 a
7112.0 23924.0 332.0 80.0 mean-

5676.0 24016.0 408.0 116.0 dering
6184.0 24024.0 212.0 96.0 line
6500.0 24032.0 368.0 92.0 which
6964.0 24048.0 196.0 96.0 you
7264.0 24052.0 224.0 80.0 can

5676.0 24148.0 504.0 100.0 describe
6268.0 24172.0 124.0 80.0 as
6476.0 24160.0 248.0 92.0 well
6816.0 24176.0 124.0 80.0 as
7016.0 24160.0 76.0 108.0 L
7176.0 24160.0 96.0 100.0 Is
7360.0 24164.0 120.0 96.0 in

7656.0 21036.0 532.0 100.0 rebellion
8296.0 21036.0 444.0 120.0 against
8832.0 21040.0 256.0 96.0 New
9188.0 21040.0 292.0 100.0 York

7652.0 21164.0 220.0 96.0 and
7936.0 21172.0 464.0 104.0 Boston,
8456.0 21188.0 132.0 76.0 cr
8652.0 21164.0 532.0 112.0 Harvard,
9252.0 21168.0 220.0 100.0 and

7652.0 21292.0 96.0 96.0 Is
7828.0 21296.0 664.0 116.0 developing
8580.0 21312.0 68.0 80.0 a
8736.0 21300.0 564.0 108.0 cohesion.
9388.0 21300.0 88.0 96.0 If

7648.0 21424.0 196.0 96.0 not
7900.0 21428.0 388.0 92.0 actual
8344.0 21428.0 352.0 112.0 unity,
8752.0 21428.0 120.0 96.0 of
8932.0 21432.0 148.0 92.0 its
9136.0 21444.0 272.0 80.0 own.

7764.0 21556.0 144.0 92.0 As
7988.0 21572.0 172.0 80.0 we
8252.0 21552.0 148.0 96.0 all
8484.0 21556.0 356.0 104.0 know,
8928.0 21576.0 340.0 96.0 many
9348.0 21552.0 120.0 104.0 of

7644.0 21680.0 192.0 96.0 the
7904.0 21700.0 260.0 76.0 new
8240.0 21684.0 388.0 116.0 people
8708.0 21684.0 120.0 96.0 of
8900.0 21688.0 232.0 92.0 this
9212.0 21704.0 256.0 80.0 area

7644.0 21812.0 380.0 92.0 went
8112.0 21812.0 324.0 96.0 there
8532.0 21812.0 296.0 100.0 from
8916.0 21816.0 548.0 96.0 Northern

7652.0 21944.0 368.0 92.0 states.
8144.0 22016.0 20.0 12.0 .

7660.0 22164.0 520.0 164.0 Inspired
8260.0 22164.0 152.0 176.0 By
8480.0 22160.0 672.0 180.0 Objection

7756.0 22384.0 216.0 96.0 But
8036.0 22384.0 580.0 120.0 relatively
8684.0 22384.0 212.0 100.0 few
8960.0 22384.0 120.0 104.0 of
9148.0 22388.0 308.0 100.0 them

7636.0 22540.0 288.0 100.0 went
8004.0 22540.0 332.0 100.0 there
8420.0 22540.0 292.0 100.0 from
8796.0 22544.0 256.0 96.0 New
9140.0 22544.0 316.0 112.0 York,

7632.0 22696.0 208.0 96.0 few
7896.0 22716.0 196.0 76.0 are
8160.0 22696.0 256.0 96.0 New
8480.0 22696.0 688.0 116.0 Englanders
9232.0 22696.0 220.0 100.0 and

7632.0 22852.0 192.0 100.0 the
7868.0 22852.0 528.0 116.0 majority
8436.0 22852.0 124.0 96.0 of
8600.0 22856.0 196.0 96.0 the
8840.0 22852.0 364.0 100.0 influx
9244.0 22856.0 208.0 96.0 has

7628.0 23008.0 404.0 116.0 barged
8136.0 23008.0 120.0 96.0 In
8356.0 23008.0 292.0 96.0 from
8744.0 23012.0 704.0 96.0 Midwestern

7628.0 23140.0 532.0 104.0 states.
8268.0 23136.0 572.0 120.0 Including
8908.0 23160.0 280.0 76.0 even
9256.0 23144.0 192.0 92.0 the

7628.0 23268.0 520.0 108.0 Dakotas.
8208.0 23268.0 308.0 96.0 since
8576.0 23272.0 196.0 96.0 the
8868.0 23272.0 576.0 96.0 Second

7628.0 23400.0 264.0 88.0 War.

7740.0 23524.0 260.0 96.0 This
8056.0 23524.0 100.0 96.0 Is
8212.0 23540.0 68.0 80.0 s
8336.0 23544.0 240.0 76.0 new
8632.0 23528.0 632.0 108.0 subnation,
9316.0 23552.0 124.0 76.0 so

7620.0 23656.0 116.0 92.0 to
7804.0 23656.0 380.0 108.0 speak.
8256.0 23656.0 104.0 92.0 It
8428.0 23652.0 96.0 100.0 Is
8596.0 23656.0 488.0 116.0 Inspired
9160.0 23660.0 140.0 108.0 by
9376.0 23680.0 60.0 76.0 a

7620.0 23784.0 376.0 112.0 proud,
8080.0 23784.0 396.0 112.0 highly
8552.0 23784.0 632.0 120.0 intelligent
9260.0 23792.0 140.0 92.0 ob-

7616.0 23916.0 404.0 108.0 jection
8104.0 23916.0 128.0 92.0 to
8308.0 23916.0 188.0 100.0 the
8580.0 23916.0 664.0 116.0 Impudence
9316.0 23924.0 124.0 92.0 of

7616.0 24044.0 188.0 88.0 the
7876.0 24040.0 580.0 100.0 Life-Look
8536.0 24044.0 260.0 112.0 type
8872.0 24052.0 120.0 92.0 of
9068.0 24068.0 320.0 96.0 maga-

7612.0 24172.0 236.0 92.0 zine
7948.0 24188.0 328.0 96.0 press
8376.0 24176.0 364.0 96.0 which
8840.0 24180.0 212.0 92.0 has
9156.0 24180.0 276.0 96.0 been

9600.0 21064.0 116.0 76.0 se
9724.0 21048.0 416.0 116.0 waging
10204.0 21048.0 344.0 96.0 abuse
10612.0 21044.0 120.0 100.0 of
10792.0 21040.0 196.0 108.0 the
11056.0 21044.0 356.0 100.0 South

9596.0 21172.0 244.0 96.0 Into
9940.0 21176.0 184.0 96.0 the
10224.0 21180.0 352.0 92.0 South
10680.0 21172.0 224.0 100.0 and
11012.0 21176.0 352.0 96.0 South-

9596.0 21304.0 268.0 92.0 west
9912.0 21304.0 168.0 96.0 for
10124.0 21324.0 68.0 76.0 a
10240.0 21308.0 268.0 112.0 long
10560.0 21300.0 292.0 100.0 time.

9708.0 21432.0 236.0 96.0 The
10000.0 21436.0 312.0 112.0 teevy
10368.0 21452.0 520.0 96.0 coverage
10944.0 21432.0 132.0 96.0 of
11136.0 21432.0 224.0 120.0 pub-

9592.0 21552.0 140.0 104.0 lic
9796.0 21564.0 544.0 96.0 disorders
10400.0 21560.0 112.0 100.0 In
10608.0 21564.0 188.0 96.0 the
10884.0 21564.0 524.0 112.0 South,

9588.0 21692.0 360.0 96.0 which
10040.0 21708.0 280.0 80.0 were
10420.0 21688.0 584.0 116.0 organized
11108.0 21692.0 292.0 96.0 from

9584.0 21816.0 568.0 100.0 offices
10252.0 21820.0 120.0 100.0 In
10476.0 21824.0 252.0 92.0 New
10796.0 21824.0 300.0 92.0 York
11172.0 21824.0 228.0 96.0 and

9588.0 21948.0 740.0 116.0 Washington,
10396.0 21952.0 236.0 96.0 also
10692.0 21952.0 704.0 96.0 contributed

9588.0 22076.0 112.0 92.0 to
9748.0 22080.0 224.0 92.0 this
10020.0 22096.0 364.0 96.0 anger.

9700.0 22228.0 52.0 96.0 I
9808.0 22232.0 272.0 96.0 have
10136.0 22232.0 352.0 96.0 found
10552.0 22232.0 84.0 100.0 It
10688.0 22232.0 280.0 100.0 hard
11028.0 22236.0 124.0 96.0 to
11212.0 22240.0 180.0 112.0 get

9584.0 22352.0 84.0 100.0 It
9728.0 22364.0 236.0 92.0 said
10024.0 22364.0 112.0 96.0 In
10196.0 22364.0 308.0 112.0 print
10560.0 22368.0 248.0 96.0 that
10864.0 22368.0 204.0 96.0 the
11132.0 22368.0 264.0 112.0 holy

9580.0 22492.0 352.0 92.0 saints
10032.0 22496.0 664.0 96.0 themselves
10792.0 22496.0 228.0 96.0 had
11136.0 22500.0 260.0 112.0 ugly

9580.0 22620.0 684.0 108.0 expressions
10316.0 22624.0 116.0 92.0 In
10484.0 22624.0 292.0 96.0 their
10820.0 22632.0 572.0 92.0 moments

9576.0 22744.0 112.0 96.0 of
9756.0 22748.0 556.0 112.0 righteous
10412.0 22752.0 252.0 116.0 fury
10756.0 22752.0 636.0 112.0 against

9576.0 22888.0 400.0 104.0 wrong,
10044.0 22880.0 188.0 96.0 but
10304.0 22880.0 264.0 116.0 they
10632.0 22888.0 304.0 92.0 must
11004.0 22888.0 320.0 96.0 have.

9688.0 23032.0 236.0 92.0 Our
9964.0 23052.0 244.0 92.0 very
10252.0 23052.0 244.0 80.0 own
10548.0 23036.0 504.0 100.0 mothers
11096.0 23056.0 280.0 84.0 were

9568.0 23164.0 200.0 88.0 not
9868.0 23164.0 112.0 92.0 at
10072.0 23164.0 296.0 96.0 their
10460.0 23172.0 284.0 96.0 most
10840.0 23172.0 540.0 96.0 winsome

9572.0 23288.0 316.0 96.0 when
9936.0 23292.0 252.0 112.0 they
10236.0 23312.0 280.0 84.0 were
10564.0 23300.0 380.0 100.0 driven
10996.0 23308.0 124.0 92.0 to
11164.0 23304.0 172.0 92.0 dis-

9568.0 23412.0 464.0 100.0 traction
10088.0 23420.0 140.0 112.0 by
10276.0 23424.0 796.0 104.0 hecklements.
11128.0 23432.0 248.0 96.0 And

9564.0 23544.0 192.0 96.0 tie
9824.0 23564.0 412.0 80.0 wamen
10308.0 23556.0 248.0 92.0 who
10624.0 23576.0 276.0 80.0 were
10972.0 23564.0 400.0 108.0 picked

9564.0 23668.0 176.0 100.0 for
9796.0 23684.0 744.0 100.0 presentation
10604.0 23684.0 108.0 100.0 In
10776.0 23688.0 312.0 112.0 print
11148.0 23692.0 224.0 96.0 and

9560.0 23816.0 144.0 76.0 on
9760.0 23804.0 188.0 96.0 the
9996.0 23808.0 304.0 112.0 teevy
10352.0 23828.0 124.0 80.0 as
10516.0 23812.0 400.0 116.0 typical
10964.0 23824.0 360.0 92.0 South-

9560.0 23948.0 196.0 76.0 ern
9860.0 23940.0 716.0 96.0 womanhood
10676.0 23948.0 112.0 92.0 in
10888.0 23968.0 436.0 80.0 scream-

9564.0 24056.0 216.0 108.0 ing,
9832.0 24064.0 400.0 96.0 riotous
10344.0 24084.0 536.0 88.0 scenes
10988.0 24096.0 380.0 84.0 were

9556.0 24192.0 436.0 92.0 neither
10052.0 24196.0 408.0 112.0 typical
10528.0 24216.0 204.0 84.0 nor
10796.0 24224.0 124.0 76.0 as
10988.0 24228.0 380.0 96.0 wrong

11544.0 21040.0 216.0 100.0 and
11844.0 21044.0 344.0 116.0 guilty
12268.0 21064.0 116.0 80.0 as
12460.0 21048.0 272.0 116.0 they
12808.0 21064.0 272.0 88.0 were
13164.0 21048.0 120.0 100.0 In-

11536.0 21172.0 656.0 116.0 tentionally
12252.0 21180.0 312.0 96.0 made
12632.0 21184.0 120.0 92.0 to
12812.0 21200.0 324.0 80.0 seem.

11656.0 21308.0 584.0 104.0 Moreover,
12340.0 21308.0 240.0 100.0 the
12696.0 21308.0 628.0 104.0 lncltatlons

11532.0 21452.0 368.0 80.0 were
12008.0 21436.0 544.0 116.0 obviously
12632.0 21440.0 692.0 100.0 mechanical

11532.0 21564.0 224.0 96.0 and
11812.0 21584.0 276.0 92.0 now.
12156.0 21564.0 112.0 96.0 In
12360.0 21564.0 284.0 100.0 their
12736.0 21572.0 580.0 100.0 normal

11528.0 21700.0 584.0 104.0 moments,
12176.0 21696.0 256.0 100.0 with
12504.0 21704.0 200.0 96.0 the
12780.0 21704.0 488.0 96.0 fomenta-

11528.0 21824.0 228.0 96.0 tion
11836.0 21828.0 424.0 104.0 absent,
12328.0 21848.0 148.0 80.0 we
12548.0 21852.0 192.0 76.0 see
12812.0 21852.0 144.0 80.0 no
13028.0 21840.0 284.0 96.0 such

11524.0 21952.0 460.0 104.0 hideous
12048.0 21960.0 940.0 104.0 demonstrations.

11544.0 22188.0 260.0 140.0 Less
11860.0 22196.0 440.0 176.0 Energy
12348.0 22204.0 264.0 136.0 Loss

11640.0 22408.0 232.0 104.0 The
11936.0 22416.0 532.0 100.0 Southern
12568.0 22416.0 324.0 116.0 tier,
12984.0 22440.0 160.0 80.0 as
13240.0 22444.0 68.0 80.0 a

11520.0 22540.0 376.0 108.0 whole,
11952.0 22548.0 208.0 96.0 has
12212.0 22568.0 140.0 76.0 an
12400.0 22552.0 452.0 96.0 obvious
12900.0 22556.0 360.0 96.0 advan-

11520.0 22672.0 248.0 112.0 tage
11812.0 22672.0 108.0 96.0 in
11964.0 22680.0 432.0 96.0 climate
12432.0 22700.0 264.0 80.0 over
12736.0 22688.0 176.0 92.0 the
12952.0 22688.0 352.0 96.0 states

11516.0 22800.0 116.0 92.0 of
11692.0 22804.0 188.0 96.0 the
11928.0 22808.0 372.0 96.0 North.
12352.0 22812.0 288.0 96.0 That
12696.0 22816.0 372.0 96.0 makes
13128.0 22816.0 180.0 100.0 for

11512.0 22928.0 392.0 116.0 higher
11960.0 22940.0 600.0 116.0 efficiency.

11632.0 23060.0 344.0 104.0 There
12032.0 23068.0 92.0 96.0 is
12184.0 23072.0 204.0 96.0 less
12444.0 23072.0 224.0 100.0 loss
12724.0 23076.0 116.0 100.0 of
12888.0 23100.0 408.0 100.0 energy

11512.0 23188.0 284.0 96.0 from
11868.0 23200.0 192.0 88.0 the
12136.0 23196.0 252.0 120.0 long
12452.0 23208.0 652.0 116.0 onslaughts
13176.0 23216.0 124.0 100.0 of

11520.0 23320.0 192.0 96.0 the
11764.0 23324.0 540.0 100.0 Northern
12360.0 23336.0 468.0 100.0 winters.
12880.0 23344.0 260.0 96.0 Fuel
13204.0 23348.0 96.0 96.0 is

11504.0 23464.0 152.0 76.0 no
11724.0 23456.0 272.0 88.0 such
12068.0 23476.0 496.0 92.0 expense.
12640.0 23468.0 656.0 104.0 Thousands

11504.0 23576.0 120.0 92.0 of
11660.0 23596.0 236.0 80.0 new
11936.0 23584.0 384.0 100.0 homes
12356.0 23608.0 176.0 80.0 are
12576.0 23600.0 376.0 92.0 rooted
12992.0 23604.0 300.0 112.0 right

11500.0 23708.0 236.0 92.0 Into
11804.0 23708.0 192.0 100.0 the
12068.0 23720.0 408.0 104.0 ground
12548.0 23724.0 456.0 104.0 without
13076.0 23736.0 168.0 92.0 cel-

11500.0 23832.0 220.0 92.0 lars
11800.0 23856.0 128.0 76.0 or
12004.0 23844.0 168.0 92.0 air
12252.0 23864.0 340.0 96.0 space.

11616.0 23964.0 108.0 96.0 It
11800.0 23964.0 92.0 96.0 is
11968.0 23988.0 64.0 76.0 a
12112.0 23968.0 296.0 104.0 nicer
12480.0 23980.0 324.0 112.0 place
12876.0 23988.0 112.0 100.0 to
13068.0 23988.0 212.0 108.0 live

11500.0 24084.0 140.0 96.0 in.
11740.0 24092.0 224.0 100.0 The
12064.0 24104.0 372.0 112.0 people
12532.0 24128.0 196.0 80.0 are
12816.0 24116.0 468.0 104.0 cleaner.

11492.0 24216.0 296.0 116.0 They
11856.0 24224.0 416.0 100.0 behave
12336.0 24232.0 376.0 104.0 better.
12776.0 24244.0 340.0 108.0 There
13188.0 24256.0 96.0 96.0 Is

13456.0 21052.0 476.0 120.0 nothing
14004.0 21056.0 576.0 116.0 anywhere
14656.0 21060.0 256.0 100.0 that
14988.0 21068.0 264.0 88.0 even

13452.0 21216.0 508.0 108.0 suggests
14036.0 21212.0 200.0 100.0 the
14320.0 21212.0 472.0 100.0 badness
14868.0 21212.0 120.0 96.0 of
15072.0 21228.0 148.0 80.0 no-

13448.0 21364.0 420.0 100.0 torious
13936.0 21368.0 400.0 100.0 streets
14400.0 21368.0 112.0 96.0 In
14580.0 21372.0 192.0 96.0 the
14844.0 21364.0 404.0 100.0 middle

13444.0 21520.0 116.0 96.0 of
13648.0 21524.0 704.0 96.0 Manhattan.
14440.0 21524.0 232.0 100.0 The
14764.0 21520.0 532.0 124.0 anarchy,

13444.0 21676.0 244.0 96.0 that
13804.0 21684.0 252.0 92.0 New
14168.0 21676.0 288.0 100.0 York
14564.0 21676.0 352.0 116.0 police
15032.0 21664.0 212.0 108.0 and

13440.0 21804.0 544.0 120.0 Judges
14088.0 21808.0 284.0 96.0 have
14444.0 21804.0 644.0 100.0 mentioned
15156.0 21800.0 88.0 96.0 it

13440.0 21948.0 560.0 88.0 unknown
14072.0 21936.0 116.0 96.0 In
14256.0 21936.0 188.0 100.0 the
14504.0 21936.0 380.0 96.0 South.

13832.0 22240.0 264.0 96.0 THE
14188.0 22236.0 676.0 116.0 ENQUIRER

13636.0 22396.0 144.0 72.0 tl?
13848.0 22396.0 168.0 72.0 Vina
14088.0 22392.0 132.0 92.0 SI,
14284.0 22392.0 376.0 76.0 ClnclnniH
14740.0 22392.0 64.0 84.0 1,
14864.0 22388.0 100.0 76.0 On

13964.0 22476.0 260.0 72.0 PHONt
14304.0 22476.0 92.0 64.0 PA
14480.0 22476.0 252.0 72.0 1-270O

14020.0 22556.0 564.0 76.0 SUBKIIP1I0N
14656.0 22552.0 276.0 76.0 IATEJi

13432.0 22656.0 188.0 76.0 Daily
13724.0 22684.0 52.0 44.0 n
13880.0 22680.0 164.0 56.0 vaar
15072.0 22652.0 164.0 76.0 .$'(

13432.0 22740.0 268.0 80.0 SuMan
13756.0 22760.0 136.0 52.0 ona
14028.0 22760.0 72.0 52.0 ar
15100.0 22736.0 128.0 76.0 $'3

13528.0 22828.0 92.0 64.0 ir
13680.0 22828.0 204.0 68.0 WAIL
13936.0 22824.0 336.0 72.0 OUISlDf
14324.0 22824.0 96.0 72.0 Of
14464.0 22824.0 336.0 72.0 CAMIFI
14852.0 22816.0 380.0 76.0 DEUVftr

13432.0 22904.0 404.0 72.0 DISTRICTS
13896.0 22912.0 76.0 60.0 IN
14028.0 22904.0 260.0 76.0 ZONES
14344.0 22904.0 276.0 80.0 U)
14668.0 22904.0 164.0 72.0 AND
14888.0 22900.0 304.0 76.0 iEY03

13428.0 22984.0 188.0 72.0 Daihj
13672.0 23000.0 96.0 56.0 en
15096.0 22976.0 132.0 80.0 SJJ

13428.0 23064.0 268.0 76.0 Sundav
13744.0 23084.0 140.0 56.0 ftnt
13928.0 23080.0 168.0 60.0 year
15096.0 23060.0 136.0 76.0 SIO

13520.0 23272.0 136.0 76.0 Tfca
13740.0 23276.0 404.0 72.0 A.tacita4
14224.0 23280.0 200.0 68.0 Pm
14500.0 23276.0 56.0 72.0 ia
14636.0 23276.0 300.0 72.0 aotniat
15008.0 23272.0 160.0 72.0 tnt

13428.0 23352.0 220.0 80.0 aKmhr
13704.0 23364.0 80.0 64.0 H
13844.0 23364.0 120.0 64.0 It-
14068.0 23376.0 80.0 52.0 m
14348.0 23364.0 420.0 64.0 alai
15000.0 23360.0 60.0 64.0 44
15112.0 23360.0 112.0 64.0 HM

13432.0 23432.0 172.0 72.0 lacal
13680.0 23456.0 196.0 52.0 awwi
13956.0 23436.0 280.0 72.0 arit4
14316.0 23436.0 68.0 72.0 to
14460.0 23444.0 140.0 68.0 Htm
14676.0 23456.0 404.0 60.0 nawnaaar

13424.0 23520.0 160.0 68.0 trail
13776.0 23520.0 104.0 76.0 all
13936.0 23536.0 192.0 56.0 Meant
14180.0 23520.0 396.0 72.0 rfiavatcfcaa

13520.0 23696.0 472.0 80.0 Stcond-claii
14068.0 23712.0 296.0 68.0 postaoa
14432.0 23704.0 160.0 80.0 oanj
14656.0 23712.0 84.0 60.0 at
14804.0 23692.0 412.0 84.0 Cincinnati,

13416.0 23776.0 200.0 76.0 Onio.

14008.0 23972.0 228.0 72.0 NEWS
14292.0 23972.0 348.0 72.0 lUPIAUl

13416.0 24072.0 296.0 68.0 CiMv-.
13836.0 24076.0 108.0 76.0 IS.
13984.0 24076.0 104.0 72.0 Oti
14256.0 24088.0 12.0 20.0 '
14588.0 24076.0 136.0 72.0 JQ7
14764.0 24072.0 216.0 76.0 Soafv
15080.0 24080.0 124.0 64.0 it.

13404.0 24156.0 452.0 68.0 Wfashmaron
13892.0 24160.0 60.0 76.0 4,
13992.0 24156.0 44.0 72.0 0
14096.0 24160.0 96.0 72.0 C..
14240.0 24156.0 172.0 76.0 1367
14444.0 24160.0 316.0 68.0 National
14796.0 24160.0 192.0 68.0 P,avl
15028.0 24156.0 176.0 68.0 8'fl.

13460.0 24236.0 352.0 72.0 CENtPH
13880.0 24236.0 528.0 76.0 ADVERTISING
14460.0 24236.0 704.0 76.0 IEPPESENTATIVE.

13560.0 24320.0 412.0 76.0 MOLONEY,
14036.0 24320.0 264.0 72.0 REGAN
14360.0 24320.0 56.0 72.0 1
14476.0 24320.0 364.0 80.0 SCHMIDT,
14908.0 24320.0 152.0 80.0 INC.

14900.0 24552.0 68.0 76.0 fl
